2446 3996
118 377 122 392 ·
154 347 307 419 disputatis,
325 347 471 402 adeeteros
484 363 576 412 sensus
587 335 760 415 progreditur.
800 343 892 399 Vocem
907 348 1037 399 etsoam
1049 361 1110 400 oor·

174 433 248 471 oreas
265 435 323 470 esse
334 416 472 485 imagines,
492 433 559 484 qnae
574 428 660 467 aurem
674 414 773 482 pariter
786 415 883 467 feriant
897 420 925 467 et
941 415 1055 468 auditum
1069 415 1110 468 ef·
1216 469 1219 480 ⁴

153 435 244 543 iciam
258 487 294 553 [v.
308 486 359 539 524
372 514 409 525 -
423 485 504 552 544];
522 483 594 536 vocis
610 499 677 551 quae
691 482 725 534 sit
738 487 839 547 natura,
858 489 885 535 et
898 501 949 552 quo
967 485 1040 536 modo
1053 485 1110 536 for·
1210 515 1212 528 ι

154 560 237 610 metur
254 556 296 624 [v.
309 553 410 609 545—
421 554 509 621 565];
526 569 574 622 cur
589 551 678 604 eudem
690 569 742 604 vox
755 551 828 604 simul
841 553 1001 622 percipiatur
1015 570 1031 604 a
1044 552 1110 605 mul-
1206 533 1218 568 ⁸

154 624 189 678 tis
206 621 459 690 [v.‚566-⁵74];
484 621 545 690 quid
559 621 687 682 siracho,
712 624 738 671 et
750 621 819 672 unde
830 621 929 673 oriatur
939 622 994 688 ·[v.
1007 623 1123 676 5752

153 694 243 760 597];
269 709 319 762 quo
333 691 407 743 modo
428 707 506 742 sonus
522 707 569 758 per
583 705 694 756 corpora
711 689 791 741 multa
811 695 930 756 penetret
952 691 992 757 [v.
1006 691 1058 744 598
1074 718 1111 728 -

154 761 242 828 605],
268 768 296 814 et
308 759 336 811 in
348 764 537 841 omnesnpartes
556 757 715 810 diffundatur
731 758 773 838 [v.
787 761 839 813 606
852 760 974 843 76171.
994 758 1049 811 ’06
1065 776 1112 812 aa·

152 828 410 966 arana}
425 832 476 965 a
490 826 704 972 6666,
718 827 1111 894 [
1206 930 1211 941 .

154 971 232 1035 aptus
250 965 292 1031 [v.
309 967 361 1019 676
373 993 409 1002 --
421 964 510 1031 689];
536 967 668 1031 comparat
685 963 791 1015 eundem
811 980 867 1016 cum
882 964 976 1018 ceteris
991 965 1110 1018 sensibus

154 1035 199 1102 [v.
214 1036 314 1088 690⁶-
328 1035 411 1100 708],
430 1031 544 1100 inprimis
561 1031 697 1095 cummim,
715 1049 789 1100 quem
803 1032 903 1100 species
916 1040 995 1102 atque
1009 1034 1111 1086 colores
1145 1057 1149 1062 ·

153 1119 240 1157 rerum
252 1102 341 1154 eodem
352 1101 426 1153 modo
441 1101 557 1153 afficiant
572 1101 607 1168 [v.
623 1102 674 1154 709
689 1129 723 1138 -
738 1097 813 1164 7241.
848 1103 916 1167 Tum
929 1103 1111 1170 (166166ςί66-

153 1172 226 1225 aona
241 1176 319 1238 atque
332 1171 490 1238 cogitatione
504 1169 573 1235 agit:
597 1185 663 1236 quae
676 1167 803 1221 exsistant
816 1187 863 1237 per
877 1187 967 1222 sensus
980 1176 1112 1234 externos,
1218 1213 1219 1220 ,

155 1239 311 1291 tenuissimis
325 1255 411 1291 remm
425 1236 568 1290 simulacris
589 1235 678 1288 borum
693 1237 782 1306 opeln
797 1243 905 1292 mentem
918 1238 1111 1292 incurrentibus
1141 1273 1155 1286 .
1210 1267 1215 1298 ,-

62 1345 65 1351 -
154 1308 199 1373 [v.
214 1307 266 1361 725
279 1335 315 1345 --
328 1306 406 1374 759].
441 1306 505 1359 Inde
527 1304 678 1373 explicanda
694 1306 930 1358 somniorum'ratio
950 1307 1112 1374 [v.-760-
1209 1336 1214 1362 ι

154 1375 236 1456 779];
260 1374 320 1426 inde
334 1374 459 1452 solvenda
479 1373 611 1456 quaestio,
630 1390 725 1456 quare,
744 1374 812 1494 prod
834 1375 926 1458 cuique
945 1375 1063 1458 libuerit,
1081 1375 1111 1429 id

154 1443 1012 1587 causan-rurmaturissimas:
1029 1457 1113 1582 :us
1217 1506 1221 1582 ÷

155 1578 299 1632 inducimur
314 1579 545 1646 [asro-824}
582 1579 650 1631 Tum
667 1580 751 1642 docet,
769 1578 889 1646 linguam,
908 1582 1004 1646 oeulos,
1023 1599 1112 1647 aures,
1218 1587 1221 1606 ¹

42 1707 47 1718 ,
155 1661 241 1710 nares,
260 1648 344 1699 omnia
357 1647 467 1716 denique
479 1663 596 1699 sensuum
609 1647 779 1700 instrumenta
789 1649 864 1716 prius
877 1654 939 1702 nata
951 1668 1016 1714 esse,
1035 1663 1112 1719 quam
1219 1645 1221 1674 n

97 1727 104 1734 “
147 1712 244 1770 *eorum
258 1731 345 1768 usum:
370 1733 444 1768 secus
462 1733 525 1768 vero
539 1715 730 1768 inartificiosis·
743 1718 836 1780 rebus,
855 1735 921 1786 quae
954 1719 1062 1771 redeant
1078 1735 1112 1772 ex
1219 1715 1221 1742 ¹

176 1783 279 1836 raevisa
289 1783 431 1852 indigentia
444 1785 480 1852 [v.
492 1785 543 1838 825
554 1788 589 1822 '—
601 1785 673 1851 8781.
708 1784 796 1838 Etiam
808 1793 891 1838 motus
905 1787 1049 1840 animalium
1061 1805 1112 1840 vo-
1220 1789 1221 1796 ’

201 1852 261 1904 terii
283 1871 384 1907 cansam
404 1871 462 1906 esse
476 1852 658 1909 insimulastis
673 1854 865 1921 quibusdamad
882 1857 1015 1909 meandum
1031 1856 1110 1926 aptio,
1212 1865 1221 1915 ,’

156 1941 225 1996 quae
239 1925 352 1996 impulsu'
361 1942 407 1978 suo
427 1925 586 1978 voluntatem
599 1923 717 1977 movendi
737 1923 764 1978 in
777 1923 859 1978 animo
871 1927 983 1979 excitent
1002 1925 1043 1994 [v.
1060 1928 1117 1982 8795
1213 1962 1219 1987 r

85 2029 97 2034 —
156 1994 275 2060 -·908].
309 1995 350 2047 Ab
368 1993 510 2047 sinmlacris
525 1993 635 2062 denique
652 1993 756 2046 uberius
777 1995 874 2063 repetit
894 2001 921 2048 et
935 2012 1047 2049 somnum
1067 1997 1109 2064 [v.
1207 1993 1211 2002 “

156 2060 345 2128 909-9641,
365 2069 391 2116 et
412 2063 549 2127 insomnia,
575 2079 681 2131 quorum
699 2062 787 2116 varias
807 2059 898 2116 causas
913 2068 1043 2120 enumerat
1064 2067 1109 2132 [v.
1215 2088 1219 2105 =

157 2131 209 2186 965
224 2132 373 2199 -1035]‚
409 2132 511 2183 adiecta
531 2132 564 2183 de
584 2148 684 2194 amore,
713 2130 819 2185 libidine
841 2133 949 2206 eiusque
972 2132 1110 2190 affectibus
1208 2186 1214 2197 ,

60 2264 63 2267 ,
158 2198 349 2268 elegantissima
364 2200 525 2268 agrariam
545 2200 586 2268 [v.
602 2201 670 2254 1036
680 2228 716 2248 v-
730 2201 827 2270 12831.

82 166 92 183 ⁴
152 218 226 281 svm
330 133 654 264 'muuumnron
674 191 787 256 amm
808 189 863 260 1v.
884 189 947 258 u.r
1183 200 1219 500 p

416 2437 581 2494 LIBRI
622 2439 852 2504 QUINTL

132 2582 139 2592 ,
227 2538 343 2594 Exorans
363 2544 441 2611 posita
462 2543 494 2596 ab
514 2543 623 2612 Epicuri
643 2543 775 2612 laudibus,
800 2545 841 2598 cui
855 2547 961 2616 propter
979 2547 1111 2613 repertam
1183 2542 1192 2551 “

158 2608 363 2678 explicatamque
382 2613 568 2682 philosophiam
588 2614 644 2680 plus
664 2613 775 2668 debeant
792 2616 926 2679 mortales,
951 2630 1025 2682 quam
1046 2610 1112 2666 reli-

158 2679 215 2748 quis
230 2679 353 2743 onridbus,
372 2681 415 2748 qui
430 2682 462 2732 de
476 2698 571 2749 genere
583 2683 691 2733 humano
705 2683 771 2746 bene
785 2684 923 2736 meruerint
933 2685 973 2751 [v.
990 2683 1110 2752 1-54],

158 2753 333 2814 argumentum
355 2753 408 2800 tum
422 2749 481 2803 libri
498 2745 677 2818 praecedentis
696 2751 793 2821 repetit
817 2751 856 2819 [v.
868 2754 903 2807 55
915 2780 953 2814 -,
964 2751 1031 2818 67],
1057 2756 1112 2804 tum

157 2815 218 2873 nori
234 2815 351 2884 adiungit
369 2818 408 2882 [v.
423 2820 503 2872 68-
515 2819 574 2886 91].
610 2820 648 2871 Ac
662 2819 770 2888 primum
785 2821 862 2873 docet
880 2822 945 2883 lore,
963 2819 1113 2872 universum
1220 2825 1222 2844 ‘

157 2884 275 2934 mundum
288 2901 338 2934 una
351 2891 381 2935 ut
393 2886 478 2938 diruat
491 2887 547 2938 dies
564 2889 605 2952 [v.
618 2889 653 2942 92
663 2916 699 2925 —
715 2892 766 2942 110
772 2890 792 2954 J.
827 2889 894 2940 Nam
907 2894 1013 2952 terram,
1031 2904 1112 2951 mere,

158 2950 270 3013 coelum,
294 2951 381 3003 sidera
400 2972 460 3005 esse
473 2954 606 3018 mortalia3
631 2973 684 3008 non
701 2974 773 3020 esse,
791 2957 860 3024 quod
879 2956 963 3007 Stoici
977 2959 1112 3025 putarunt,

157 3017 270 3086 animata
288 3017 380 3084 deique
401 3021 481 3088 ipsius
504 3033 619 3090 partes,
629 3041 691 3089 nec,
702 3021 778 3094 ‘quod
794 3026 886 3092 vulgus
901 3024 1057 3086 existimet,
1067 3041 1111 3076 se·
1220 3029 1221 3034 ’

93 3113 99 3126 ι
158 3085 215 3136 dem
231 3102 261 3166 ac
275 3085 426 3140 domicilium
439 3091 543 3143 deorum
559 3090 593 3160 [v.
611 3084 778 3160 ΙΙΙ-1561.
813 3095 857 3146 Ν6
874 3094 932 3162 quis
948 3099 1031 3145 autem
1044 3093 1112 3143 banc
1220 3155 1221 3158 Ἴ

83 3211 87 3224 ,
158 3153 244 3212 mundi
256 3171 403 3222 compagem
415 3174 431 3208 a
444 3157 502 3222 diis,
520 3161 563 3212 vel
575 3162 701 3214 hominum
716 3180 804 3227 causa,
820 3163 863 3215 vel
874 3163 900 3214 in
912 3179 982 3214 suam
995 3161 1112 3229 ipsorum

158 3221 295 3280 utilitatem
308 3222 550 3292 oblectationemve‚
574 3231 669 3282 factam
687 3249 760 3295 ease,
780 3237 858 3300 atque
870 3232 930 3283 ideo
944 3228 1113 3281 immortalem

159 3289 266 3352 credat3
290 3290 426 3346 Lucretius
441 3297 586 3350 contrariae
601 3299 744 3352 sententiae
758 3305 908 3368 argumenta
922 3306 974 3350 tum
987 3297 1113 3350 a'aatura

50 3401 58 3407 -
159 3358 278 3425 deorum,
301 3365 355 3416 tum
372 3379 389 3421 a
409 3363 506 3424 vitiosa
526 3367 611 3424 muudi
626 3368 830 3435 corutruotioae,
854 3372 909 3422 tum
928 3368 961 3425 ab
985 3382 1016 3422 eo
1034 3364 1110 3444 perit,
