2452 4034
19 277 21 284 ,
90 289 96 301 .
173 223 289 290 un*
425 179 872 282 uu'uunuuusruua
949 185 951 190 ⁵

149 325 162 346 Ι
241 317 345 437 Quidve
360 365 502 436 tripectora
516 365 657 436 tergemini
673 366 714 421 vis
732 367 887 438 Geryonai?

243 441 277 492 Et
293 438 426 491 Diomedis
443 437 533 504 equei,
551 437 678 504 spirantes
695 438 803 490 naribus
821 439 919 508 iguem,
1039 467 1044 472 ·

174 507 210 564 tt
242 507 389 560 Thraciam
404 505 590 572 Bistoniasque
606 508 699 575 plagas
715 513 794 572 utque
808 509 910 562 Ismuru
927 513 1043 576 prepter,

243 575 549 643 'l'antnpere'efficerent
561 573 649 638 nabis,
674 575 815 642 [uncisque
831 578 977 630 timendae·

173 670 176 679 ,
244 644 399 714 Unguibus,
416 644 543 696 Arcadiae
557 644 693 710 volueres]
713 643 874 712 Stymphala
891 645 1024 700 colentes?

209 710 213 717 ¹
241 714 381 780 Aureaque
396 712 571 780 Hesperidum
587 729 692 764 wrvana
707 713 838 782 fulgentia
854 717 937 778 mule,

243 783 456 850 Aspen-cessus
471 787 562 844 me,
578 780 689 834 immani
705 799 946 852 eerpereaerpens,
995 826 998 832 ,

174 851 210 909 85
243 852 353 905 Arboris
367 851 502 918 unrplsaus
517 849 644 918 stirpem,
661 849 724 916 quid
740 851 853 918 denique
865 852 976 916 obesset,

243 921 377 974 Oceanum
393 927 500 989 propter
515 920 577 977 litus
594 920 734 988 pelagique
750 937 849 982 severa,

243 991 303 1059 Quo
321 1007 404 1056 neque
419 995 507 1042 nester
523 988 579 1042 adit
594 987 748 1056 quisquam,
767 1007 814 1042 uec
831 991 959 1043 burburus
976 989 1075 1046 auter

278 1060 370 1112 Cetera
387 1059 420 1111 de
434 1059 598 1130 generelhuc
615 1075 682 1126 quaa
698 1063 758 1111 suut
774 1064 894 1126 pertenta
909 1066 1037 1127 peremta,
1076 1113 1078 1117 ,

243 1125 343 1180 Sinon
358 1127 429 1182 victe
445 1127 546 1190 terent,
565 1125 630 1194 quid
644 1128 749 1180 tandem
765 1128 829 1180 viva
844 1129 988 1183 nocerent?
1056 1165 1057 1170 ,

174 1195 210 1254 lb
243 1197 306 1260 Nil,
323 1202 353 1250 ut
370 1197 473 1264 opinurr
490 1195 529 1249 ita
544 1197 578 1248 ud
595 1195 715 1249 satiatem
732 1203 804 1250 terra
820 1198 938 1250 ferarum
979 1245 981 1252 ,

243 1266 318 1320 Nunc
335 1266 417 1318 etiam
432 1265 527 1329 scatit,
543 1271 571 1318 et
588 1265 689 1333 trepida
706 1274 806 1323 nuere
822 1264 923 1334 repleta
939 1269 979 1320 est

241 1336 295 1389 Per
308 1351 418 1388 uemera
433 1351 466 1388 ac
481 1334 593 1388 manteia
607 1351 721 1404 mugnus
734 1336 879 1403 sylvasque
891 1335 1048 1402 pretendunt

242 1405 318 1473 Quae
334 1406 393 1458 lecu
409 1403 511 1457 vitandi
526 1404 681 1471 plerumque
696 1408 735 1462 eat
751 1411 842 1458 nostru
857 1409 980 1470 potestas.

276 1474 311 1526 st
326 1473 378 1526 nisi
393 1479 535 1542 purffltum
550 1478 589 1536 est
605 1481 708 1540 pectus,
726 1483 794 1540 quae
810 1473 911 1540 proelia
926 1473 1003 1532 nubis

172 1540 209 1599 45
241 1542 327 1608 Atque
341 1542 458 1612 pericula
472 1547 532 1594 suut
548 1541 658 1613 ingratia
673 1541 876 1594 insinuandum?
1006 1592 1010 1600 ,

241 1611 360 1678 Quantae
376 1615 432 1664 tum
449 1611 568 1661 scindunt
583 1609 716 1678 bemineru
733 1611 869 1678 cupedinis
887 1625 960 1664 aeres
1011 1669 1014 1679 ¹

241 1678 392 1732 Sullieitum
407 1678 505 1730 curae?
522 1679 677 1750 quautcique
691 1679 799 1745 perinde
815 1679 943 1734 timeres?

242 1747 346 1813 Quidve
361 1747 498 1815 superbia,
515 1747 640 1814 spurcitia
656 1764 689 1800 ac
705 1749 864 1815 petulantia,
882 1752 994 1817 quantus

240 1817 368 1880 lllticiuut
383 1816 499 1869 eladeis?
508 1816 579 1884 'quid
595 1817 671 1868 luxus
685 1817 872 1884 desidiaeque?

71 1909 78 1916 κ
171 1885 208 1946 ω
274 1887 350 1940 Haec
365 1885 447 1956 igitur
463 1884 510 1953 qui
527 1890 620 1938 cuneta
636 1886 787 1954 subegerit,
803 1897 836 1938 ct
853 1886 994 1956 animeque
1042 1915 1045 1922 ·

239 1955 379 2024 Expulerit
393 1955 484 2020 dictis,
500 1971 552 2006 nen
568 1955 666 2015 samin
684 1971 768 2008 aenne
785 1956 895 2020 decebit,

57 2051 61 2060 ·
130 2075 134 2084 ,
240 2025 320 2078 Hunc
334 2025 468 2077 beminen
486 2040 596 2076 numere
610 2024 699 2095 diquu
716 2023 852 2092 dignarier
866 2025 943 2078 essa?

239 2093 327 2161 Quem
344 2095 410 2146 bene
425 2093 577 2160 praesertim
594 2091 680 2146 multa
696 2110 728 2145 nc
744 2092 870 2148 divinitus
885 2094 951 2164 ipsis

240 2163 429 2216 lmmurtalibu'
445 2163 478 2216 de
494 2163 562 2220 divis
577 2163 641 2214 dare
657 2162 727 2216 dicta
742 2163 834 2228 suirlt,

171 2229 208 2289 δῦ
239 2232 324 2298 Atque
341 2248 445 2284 umuem
460 2231 550 2283 rc'rum
566 2239 688 2283 naturam
706 2232 819 2297 paudere
834 2229 920 2284 dictis.

270 2300 375 2368 ¹Queius
390 2316 441 2372 ege
457 2300 590 2368 ingressus
604 2300 733 2369 vestigia,
750 2301 813 2353 duur
830 2291 944 2353 lutiam
972 2311 974 2316 '

238 2369 400 2436 Persequor,
416 2383 449 2420 ae
463 2368 544 2422 decen
560 2367 651 2428 dietis,
668 2385 719 2435 que
735 2379 855 2436 quaeque
871 2371 960 2424 uredtu

164 2449 168 2460 ·
209 2473 214 2479 -
239 2437 356 2504 Foedere
372 2435 438 2501 siut,
453 2435 481 2488 iu
498 2453 530 2488 eu
546 2452 626 2504 quam
642 2437 677 2489 ait
692 2438 789 2490 durare
805 2455 949 2503 necessum,
1012 2441 1017 2452 ’

239 2505 294 2559 Nec
310 2504 411 2558 relidas
427 2506 533 2558 valeant
549 2505 770 2558 aevireseindere
785 2508 867 2578 leges.

130 2601 132 2606 ,
170 2573 207 2634 ω
240 2575 303 2642 Qnu
317 2591 413 2644 genere
429 2574 456 2627 iu
472 2574 566 2644 primis
581 2575 664 2628 enimi
679 2579 773 2628 nn'tnru
788 2581 893 2644 repertu
909 2579 958 2640 est,

239 2643 336 2698 Nativa
352 2645 467 2713 primum
483 2644 623 2697 consistere
639 2659 749 2714 corpere
764 2651 846 2708 crete,

239 2713 385 2781 Nee'pease
398 2714 558 2767 incolumem
574 2729 700 2782 magnum
717 2714 813 2766 durare
827 2731 874 2783 per
890 2726 997 2768 aevum:

152 2787 154 2792 ’
240 2783 294 2836 Sed
309 2783 452 2836 simulacra
468 2785 552 2836 solere
568 2783 596 2835 in
612 2782 711 2840 somnis
726 2781 820 2838 lallere
838 2789 961 2847 mentem,

239 2847 447 2920 Cernere'quem
462 2852 600 2906 videamur
616 2869 692 2917 euru,
709 2867 787 2918 quem
802 2851 859 2904 vita
875 2851 990 2920 reliquit.

57 2941 59 2946 ’
169 2916 207 2974 oe
273 2922 349 2988 Qued
365 2925 496 2989 superest,
512 2939 581 2974 nuuc
596 2921 649 2972 huc
664 2921 773 2976 rationis
788 2919 883 2974 detth
899 2924 973 2986 arde,

238 2990 276 3044 Ut
292 2989 375 3052 mibi,
391 2989 655 3056 mertulieeualstare
671 3003 778 3057 corpore
792 2991 928 3054 muudum,

210 3085 212 3090 ·
238 3057 414 3125 Nativumque
429 3058 522 3122 simul,
539 3058 607 3112 ratiu
621 3058 755 3111 reddunda
770 3056 813 3121 sit,
831 3075 900 3114 esse:

238 3127 274 3179 Et
289 3125 384 3193 quibus
399 3126 448 3179 ille
462 3126 547 3179 medis
563 3144 717 3196 congressus
732 3124 855 3180 materiai

94 3231 109 3266 5
195 3200 200 3208 '
230 3194 495 3268 surrentinorum,
511 3195 629 3260 malum,
645 3211 734 3258 marc,
751 3195 853 3261 sidera,
869 3195 964 3262 sulen,

169 3263 207 3318 id
238 3264 373 3331 Lunanue
387 3264 511 3333 glnbum3
526 3271 650 3333 tum,‘qu
699 3265 792 3320 tellure
807 3266 953 3321 animantes

237 3333 405 3396 Exstiteriut,
419 3337 446 3387 et
463 3331 531 3401 quae'
544 3335 619 3390 nullu
635 3283 686 3388 niul
703 3340 820 3420 tempere
834 3339 928 3388 naues
993 3333 995 3340 ’

237 3403 334 3474 Quove
348 3403 427 3458 made
442 3419 526 3475 genru
540 3404 687 3460 humnnmn
705 3409 826 3462 rutente
839 3403 945 3474 loquela
996 3465 1000 3471 ,
