2490 4024
172 190 222 252 ῃ
304 172 306 181 ’
433 165 896 273 onunuunua'nuns‘

242 335 375 394 mmo.
393 333 473 402 uque
488 337 562 390 meu
578 334 650 404 mus
666 333 757 400 aaut,
770 315 895 406 nunqu
911 337 1042 412 ruam,
1078 309 1082 318 ’

130 467 133 478 Δ
249 403 454 472 Praeteritisque
470 406 540 457 maie
556 403 676 458 admissis
690 409 800 472 mnata
816 407 973 464 remordent.

179 473 234 530 Sit)
249 475 323 528 Adde
339 475 456 527 furorem
470 468 554 526 animi
570 472 706 540 proprium
728 478 812 544 utque
835 475 936 543 oblivia
950 493 1060 544 rorumq

250 544 333 604 Adde,
350 543 420 609 quod
436 541 464 594 in
481 541 572 610 nigras
587 541 704 610 lethargi
720 543 851 612 mergitur
867 543 958 599 undas.

284 611 329 664 Nil
345 609 429 680 igitur
444 626 516 664 mors
532 615 580 672 est,
597 611 632 662 ud
644 626 690 663 uos
707 628 792 678 neque
807 613 921 680 pertinet
937 615 1032 682 hiltun,

249 678 468 747 Quandoquidem
483 683 579 732 nutura
596 677 678 732 animi
694 680 813 732 mortalis
830 681 952 736 imbutum.

159 751 165 758 '
250 750 285 802 Et
301 749 374 800 velut
390 753 450 804 auto
462 754 522 802 acto
538 747 576 799 nil
593 752 710 814 tompore
725 749 852 800 sensimus
869 751 954 834 aegri,
1000 762 1020 808 ,“

180 815 235 873 845
243 817 292 886 ad
308 813 505 885 eouffiguudum
522 814 686 870 venientibus
702 817 817 884 undique
833 818 944 886 Poenis,

251 884 348 940 omnia
363 901 452 953 quom,
469 885 535 937 belli
552 884 652 951 trepido
669 901 795 938 concussa
812 888 936 952 tumultu,

154 991 156 1001 ,
251 951 368 1007 nornis
386 960 566 1005 contremuere
583 952 706 1006 sabaitis
721 954 837 1008 aetheris
852 954 940 1018 aurisq

241 1023 281 1074 ‘iu
298 1021 431 1090 dubioque
447 1021 529 1084 inere,
546 1027 668 1092 utrorum
684 1022 718 1073 ad
734 1039 818 1092 regne
833 1023 981 1092 cudendum

250 1089 379 1146 Omnibus
394 1089 533 1142 hnmraueis
549 1094 615 1142 esset
635 1093 756 1158 terraque
772 1091 907 1158 mariquer

182 1157 236 1214 850
253 1159 305 1224 Sic,
322 1158 370 1212 ubi
386 1175 438 1212 nou
455 1157 561 1222 erimus,
577 1175 658 1224 quom
668 1159 792 1232 'eorporis
808 1164 888 1227 atque
903 1159 1003 1215 animai

251 1227 396 1282 Discidium
414 1223 502 1290 fuerit,
519 1225 614 1293 quibus
632 1232 752 1292 e'sumus
771 1227 858 1282 uniter
875 1229 956 1296 aptei,
1007 1264 1012 1271 ι

252 1297 362 1350 Scilicet
377 1296 450 1348 haud
465 1291 541 1348 nobis
559 1294 711 1362 quidquam,
728 1297 790 1362 quei
806 1313 857 1349 non
874 1297 972 1354 erimus
987 1301 1055 1364 tum.
1129 1351 1134 1361 ,

253 1366 386 1420 decidere*
393 1364 499 1418 omniuo
512 1363 618 1448 poterit,
635 1381 790 1431 sensumque
806 1382 930 1428 movereq

253 1435 311 1488 Non
329 1434 352 1486 si
367 1441 440 1487 terra
453 1449 522 1486 mun
538 1432 701 1497 miscebitur,
719 1440 746 1486 et
762 1451 837 1488 mare
853 1435 937 1487 coeio'.

111 1503 124 1541 ,¹
183 1502 238 1560 ⁸55
287 1505 322 1556 Et
338 1501 361 1556 si
378 1503 433 1566 iam
448 1505 537 1554 nostro
553 1501 632 1555 sentit
648 1502 682 1553 de
698 1519 816 1570 corpore,
831 1509 1005 1570 postquam.
1106 1499 1112 1504 '
1153 1557 1155 1564 ,

253 1573 386 1626 Distracta
403 1575 442 1624 est
459 1570 542 1622 animi
559 1575 654 1622 natura
670 1569 827 1638 animaeque
842 1577 973 1638 poterim

204 1661 207 1666 ’
253 1641 300 1692 Nil
316 1641 403 1691 temen
421 1643 460 1690 est
472 1639 513 1690 ud
528 1655 584 1704 uos,
602 1637 663 1706 quei
680 1645 768 1695 corutu
786 1639 961 1708 coniugioque

129 1714 132 1722 ’
166 1771 173 1774 -
254 1707 378 1774 Corporis
394 1711 473 1771 atque
490 1707 594 1758 animae
610 1707 776 1760 consistimus
793 1706 878 1762 uniter
894 1706 972 1778 eptei.
1005 1711 1008 1719 '

253 1777 317 1840 Nee,
334 1774 357 1828 si
374 1773 514 1828 materiam
530 1779 647 1828 nostram
666 1777 803 1844 collegerit
820 1782 892 1830 aetus
920 1779 928 1791 '
955 1774 958 1786 '
1053 1784 1055 1788 ’

74 1863 82 1874 ’·
151 1910 154 1915 ,
185 1843 239 1900 860
255 1845 319 1899 Post
335 1843 445 1906 obitum,
461 1860 616 1910 rursumque
632 1844 772 1914 redegerit,
789 1851 819 1899 ut
835 1845 888 1899 sita
903 1861 971 1898 nuuc
987 1851 1037 1913 ert,

219 1919 226 1936 '
253 1917 340 1982 Atque
349 1911 451 1972 iterum
468 1911 543 1968 uobis
558 1913 656 1974 inerint
673 1914 734 1968 deta
750 1915 852 1967 luminu
868 1915 954 1979 vitae;
973 1950 977 1968 .

254 1983 388 2046 Pertineat
404 1981 547 2052 quidquam
560 1987 650 2038 tamen
668 1983 701 2036 ad
721 2000 768 2036 nos
783 1983 811 2036 id
825 1995 930 2050 'quoque
946 1983 1059 2049 iactum,

254 2054 403 2120 interrupte
420 2055 501 2105 semei
517 2069 598 2120 quom
614 2051 649 2109 sit
663 2052 806 2120 repetentia
823 2052 949 2118 uostreis;

198 2145 202 2152 ’
254 2125 290 2177 Et
306 2138 375 2174 nuno
391 2121 430 2173 nii
441 2123 475 2175 ad
491 2139 538 2174 nos
555 2121 588 2174 de
603 2120 680 2174 uobis
697 2121 796 2184 attinet,
813 2127 874 2174 aute

95 2231 97 2240 ,
113 2183 117 2192 ’
170 2187 240 2246 ·865
257 2190 326 2258 Quei
342 2189 456 2254 inimum
473 2208 522 2242 nec
537 2189 594 2242 iam
611 2190 644 2242 de
660 2190 721 2243 ollis
737 2207 784 2242 nos
800 2189 885 2242 aiiicit
901 2205 992 2258 angor,

258 2262 343 2327 [Quos
361 2259 394 2310 de
410 2258 521 2312 materia
537 2262 627 2310 nostra
641 2275 712 2311 nova
728 2259 954 2327 proferendus]
1019 2313 1030 2334 x

179 2345 182 2352 ·
254 2328 324 2382 Nam
341 2343 419 2393 quom
435 2325 561 2392 respicias
577 2325 699 2379 immensi
714 2327 839 2395 temporis
861 2344 939 2380 omne

254 2393 430 2448 Praeteritum
445 2393 575 2460 spatium
592 2399 649 2447 tum
665 2400 752 2448 motois
764 2395 889 2450 ‘rumerici
1044 2440 1046 2446 ,

256 2461 425 2516 Multimodei
441 2478 520 2530 quam
537 2462 602 2527 siut3
618 2463 699 2516 facile
714 2465 766 2517 hoo
783 2465 921 2518 recredere
936 2463 1029 2532 possis,

186 2519 241 2586 dtu
258 2531 367 2591 Semina
381 2547 461 2599 saepo
476 2531 504 2582 in
520 2532 620 2596 eodem,
637 2536 668 2584 ut
682 2549 752 2586 nunc
769 2541 838 2599 sunt,
855 2533 945 2597 ordine
961 2539 1051 2600 porta:
1067 2542 1071 2551 “

255 2601 311 2656 Nec
327 2600 439 2654 memori
455 2605 543 2652 tumen
559 2599 586 2652 id
603 2600 708 2667 quimus
723 2596 913 2672 reprehendere
930 2607 1032 2664 mente;

256 2671 327 2724 inter
339 2667 411 2724 euim
427 2668 497 2722 ieeta
513 2673 552 2722 est
567 2667 633 2722 vitai
648 2687 739 2742 pause,
756 2688 877 2740 vageque

42 2731 45 2738 ⁴
113 2711 134 2726 Ἠ
210 2764 214 2771 ·
246 2738 412 2794 Ἠι’πιιιιιιιι
427 2739 526 2806 possim
541 2739 814 2794 morisennensium
830 2757 930 2793 omnes.

256 2809 342 2861 Debet
357 2807 437 2872 enim,
454 2807 550 2861 misere
566 2812 605 2860 est
621 2808 684 2875 quoi
700 2809 769 2862 forte
785 2826 917 2878 aegreque
933 2808 1061 2869 intutum,

188 2875 271 2934 8²⁵1
301 2894 317 2929 e
333 2892 436 2944 quoque
452 2893 510 2929 esre
526 2875 553 2933 iu
571 2893 603 2929 eo
620 2875 817 2945 tum'tempore
835 2878 898 2945 quoi
914 2879 984 2930 male
1000 2873 1082 2944 possit

282 2943 442 3007 ociderecid
461 2944 586 3012 quoniam
602 2963 675 2999 mors
690 2946 790 3008 eximit,
807 2963 914 3030 esseque
930 2945 1053 3014 prohibet
1132 2977 1161 2996 ι,
1234 3015 1235 3024 ¹

257 3014 356 3076 olium,
372 3011 437 3078 quoi
451 3013 551 3079 possint
566 3014 735 3068 incommoda
751 3013 906 3068 conciliari¹

256 3082 330 3136 Haec
341 3081 445 3143 eadem,
470 3081 566 3146 quibus
583 3099 598 3134 e
613 3100 682 3136 nune
697 3099 744 3136 nor
761 3099 860 3148 mmns,
877 3087 937 3136 ante
954 3080 1053 3146 inisset
1122 3113 1126 3119 ·

57 3147 59 3158 '
148 3149 154 3164 ⁸
256 3147 332 3201 Scire
346 3147 409 3200 licet
423 3147 499 3200 nobis
515 3148 583 3206 nihil
602 3168 659 3204 esse
674 3151 702 3204 in
718 3154 803 3203 morte
818 3151 980 3213 timendum3

188 3215 241 3286 880
257 3212 312 3270 Ne'o
327 3213 454 3268 miserum
467 3217 537 3280 fieri,
554 3218 600 3286 qui
616 3237 669 3275 uon
684 3223 731 3284 esi,
747 3237 837 3288 posseq
854 3237 938 3288 neque
954 3217 1042 3272 hilum

256 3281 378 3348 Differre,
396 3300 430 3337 eu
441 3286 498 3342 uilo
515 3287 596 3340 inerit
611 3284 666 3342 iam
682 3294 801 3356 tempore
816 3296 907 3352 natum

255 3354 400 3407 diortaiem
415 3352 586 3432 uitam.mors
602 3373 683 3423 quom
700 3357 856 3426 immortalis
871 3353 983 3412 ademit.
1013 3417 1017 3423 ,
