2490 4024
140 225 241 315 '84
346 251 349 256 -
451 222 902 281 nuannnmaacoas
1072 193 1074 198 ’

218 379 230 387 ‘
265 371 380 426 lumine
400 371 449 437 sol,
467 375 498 424 ut
513 374 639 439 perpetuo
656 369 707 424 sint
723 367 813 424 omnia
829 369 923 439 plena;

220 489 223 496 .
267 441 312 494 Sic
329 457 346 492 n
363 442 440 493 rebus
456 441 521 494 item
538 439 618 493 simili
632 439 733 492 ratione
748 447 855 492 neumae
871 445 911 493 est

124 569 130 576 ,
172 525 178 530 ·
197 507 251 566 lot
267 509 406 577 Temporis
422 511 450 562 in
467 516 563 577 puncto
579 525 668 561 rerum
684 506 828 561 simulacra
843 507 962 562 terantur

266 579 355 630 Multa
371 579 457 630 modis
472 576 562 630 multis
577 577 606 628 in
622 583 727 630 cunctus
743 577 857 644 undique
871 577 987 644 parteis:
1012 599 1014 606 ·
1180 619 1189 628 .

267 647 494 715 Quandoquidem,
510 647 645 713 'speculmu
662 662 845 714 quoquumque
861 647 1023 700 obvertimus
1041 647 1119 709 oreis,
1164 679 1171 694 ·

205 713 959 784 ,ΜΜΜΜΜΜΜ
1132 731 1139 746 ’

287 785 449 848 Praeterea,
466 785 546 836 morlo
565 801 646 852 quom
662 783 742 836 fuerit
758 782 933 850 liquidissima
953 781 1023 838 coeli

198 851 250 906 170
266 852 430 920 Tempestas,
436 869 574 936 xperqna
591 853 678 906 subito
694 853 726 904 fit
742 851 848 906 turbida
867 853 926 904 tede

266 922 395 988 Undique,
413 927 452 974 no
469 923 589 976 tenebras
605 921 704 974 omneis
720 921 871 974 Acherunta
887 921 970 974 rearis
989 951 1005 978 ο

211 989 214 995 ’
264 990 392 1056 liquisse,
409 996 434 1042 et
453 992 564 1060 magnas
581 991 648 1043 coeli
665 992 807 1058 complesse
823 1005 958 1044 cavernas.

227 1088 228 1096 ι
265 1059 356 1125 Usque
372 1060 446 1123 aden,
463 1064 530 1112 tetr‘a
546 1059 697 1111 nimborum
713 1065 790 1110 nocte
805 1056 904 1124 coorta,

215 1181 220 1186 ,.
265 1129 416 1196 Impendent
433 1126 506 1180 atrae
521 1127 682 1180 Formidinis
698 1143 745 1180 ora
762 1143 881 1194 superne.
951 1139 962 1149 “

196 1191 250 1250 nt
267 1195 388 1262 Quonam
405 1197 533 1266 quantula
549 1211 611 1264 pars
627 1195 660 1248 sit
676 1196 775 1265 imago,
794 1196 881 1247 dicere
897 1199 973 1248 nemo
992 1199 1031 1248 est

221 1315 223 1321 ,
266 1263 319 1330 Qui
337 1265 427 1331 possit,
441 1281 525 1331 neque
541 1283 602 1318 cam
618 1265 747 1318 rationem
763 1265 872 1318 reddere
888 1264 973 1316 dietis.

148 1333 156 1346 '
300 1333 374 1386 Nunc
391 1349 450 1402 age,
467 1350 547 1400 quam
564 1334 643 1388 celeri
660 1342 735 1385 motu
751 1334 894 1386 simulacra
909 1335 1036 1396 ferantur,

265 1403 301 1454 Et
317 1418 384 1468 quae
401 1403 534 1456 mobilitas
551 1405 635 1465 clleis,
653 1403 817 1454 tranantibus
832 1419 919 1464 aurae,
1041 1449 1046 1453 .

265 1471 380 1523 Reddita
395 1471 437 1534 sit,
452 1473 532 1542 longo
550 1471 636 1539 spatio
653 1478 682 1523 nt
699 1472 786 1524 brevis
802 1473 872 1524 hora
888 1475 998 1534 teratur,

197 1535 249 1592 180
265 1540 296 1592 ln
314 1557 390 1606 quem
408 1557 527 1608 quaeque
542 1541 632 1592 locum
650 1539 754 1592 divorso
772 1540 878 1594 numine
895 1539 1012 1603 tendrmt,

182 1637 183 1646 ι
265 1608 411 1659 Suavidicir
426 1609 523 1676 potius,
540 1625 621 1675 quam
638 1610 737 1675 multis,
753 1609 872 1661 versibus
889 1601 995 1660 edamr'

264 1678 367 1728 Parvus
384 1682 414 1729 ut
430 1683 470 1729 est
487 1674 563 1746 clycni
579 1677 676 1732 melior
691 1693 779 1740 canor,
796 1676 843 1729 ille
859 1693 958 1746 gruum
974 1689 1054 1744 quam

183 1746 186 1750 '
240 1773 241 1776 ι
265 1747 381 1808 Clamor,
398 1746 425 1798 in
443 1745 567 1800 aetheriis
584 1747 715 1814 dispersus
730 1746 843 1798 nubibus
858 1745 955 1801 Austri.
1004 1792 1012 1804 Χ
1099 1745 1102 1749 ’

298 1814 439 1882 Principio,
455 1831 580 1882 persaepe
595 1813 676 1868 leucis
691 1831 734 1868 res
749 1820 827 1881 atque
842 1814 952 1868 minutis
1057 1866 1062 1871 .
1109 1823 1112 1830 '

196 1879 249 1936 185
266 1882 426 1950 Corporibus
441 1883 548 1940 stanteis
565 1882 673 1937 celereis
687 1884 751 1936 licet
767 1884 936 1938 esseridere.
996 1925 1006 1932 .
1036 1912 1039 1918 ·

264 1952 293 2003 ln
311 1969 361 2018 qno
378 1953 431 2005 iam
449 1970 544 2022 genere
561 1953 680 2022 establis
696 1955 750 2016 lux,
767 1960 794 2005 et
809 1969 895 2020 vapor
911 1954 983 2016 eiua3

264 2021 415 2087 Propterea,
433 2023 496 2090 qnia
512 2029 570 2076 mut
583 2040 602 2081 ¹o
619 2021 710 2090 primis
726 2023 799 2074 lacta
814 2021 936 2086 minuties

187 2121 189 2124 -
268 2091 342 2155 Quae
359 2086 436 2158 qnasi
451 2092 585 2158 cuduntur,
601 2109 699 2160 perque
715 2091 783 2144 aeris
800 2091 982 2144 intervallum'

263 2159 322 2211 Non
339 2159 458 2213 dubitant
473 2162 592 2224 transire,
608 2161 724 2230 sequenti
739 2159 842 2214 concita
859 2161 947 2228 plaga.

194 2223 247 2280 loo
262 2227 448 2294 suppeditatur
465 2229 535 2282 enim
550 2231 688 2284 confestim
704 2230 803 2282 larmine
818 2231 916 2295 lumen,

262 2297 297 2349 Et
314 2297 389 2362 quasi
406 2299 506 2364 protelo
523 2299 673 2353 stimulatur
688 2300 793 2366 fulgure
810 2299 909 2367 fulgur.

264 2365 429 2431 Quapropter
446 2365 587 2422 simulacra
603 2367 661 2434 pari
678 2365 779 2418 ratione
794 2383 899 2420 necesse
916 2369 955 2418 est

220 2493 225 2496 ‚
262 2433 477 2487 immemorabile
493 2453 540 2502 per
555 2433 670 2502 sputirrm
687 2440 864 2499 transcurrere
880 2450 964 2508 posse*

263 2501 404 2569 Temporis
422 2503 450 2556 iu
466 2509 576 2571 puuct03
593 2503 718 2570 primum,
734 2504 804 2571 quod
820 2505 930 2572 parvola
946 2515 1027 2555 cansa

193 2565 248 2624 195
264 2571 313 2624 Est
328 2573 423 2639 procul
441 2589 458 2626 a
475 2581 558 2643 tergo,
573 2589 644 2640 quae
660 2575 789 2642 provehat
806 2580 885 2641 atque
901 2571 1047 2640 pmpellat;

229 2672 235 2678 ι
262 2641 371 2706 Deinde,
389 2644 458 2710 quod
475 2659 558 2709 nsque
574 2643 640 2695 adeo
656 2647 762 2696 textura
780 2643 899 2710 praedita
914 2656 976 2707 raro

261 2709 413 2775 Mittuntur,
430 2712 510 2766 facile
525 2717 555 2764 ut
570 2711 676 2779 quasvis
693 2717 828 2780 penetrare
844 2714 939 2778 queant
954 2723 1006 2770 res,

262 2781 298 2834 Et
314 2782 389 2849 quasi
406 2798 559 2850 permanare
573 2799 623 2850 per
640 2783 710 2834 atris
726 2781 903 2834 intervallum.

295 2851 435 2904 Praeterea
454 2851 485 2915 si,
504 2868 570 2918 qnae
587 2851 691 2917 penitus
709 2850 864 2918 corpuscula
878 2861 970 2901 rerum

192 2912 245 2970 2⁰0
261 2918 303 2970 Ex
319 2919 512 2985 altoque'loras
528 2921 678 2985 mittuntur,
695 2918 758 2973 solis
771 2919 811 2972 uti
826 2920 873 2970 lux

260 2990 300 3039 Ae
316 3003 407 3052 vapor,
424 2987 490 3040 lraee
506 2995 600 3054 puncto
615 2993 756 3048 cernuntur
771 2989 846 3055 lapsa
862 2984 914 3038 diei

120 3115 123 3126 ¹
244 3055 314 3108 'Per
330 3061 415 3107 totum
433 3056 501 3108 coeli
518 3057 631 3124 spatium
649 3057 796 3110 diffundere
813 3073 877 3119 rese,

200 3140 202 3144 ’
260 3123 363 3190 Perque
380 3124 473 3176 volare
489 3140 563 3177 mare
579 3141 611 3178 ec
627 3131 720 3190 terras,
740 3127 893 3191 coelumque
909 3121 1008 3192 rigare,
1086 3165 1090 3170 .

155 3207 156 3211 ¹
262 3191 504 3259 Quodsuperest3
522 3195 640 3246 ubitam
658 3194 760 3247 volucri
775 3194 883 3256 levitate
899 3194 1033 3250 feruntur:
1082 3205 1083 3208 ¹

77 3309 81 3315 ,
190 3255 244 3314 205
261 3259 436 3329 ριιὶιίἓ,ι]ιιιιι
452 3261 612 3332 mntigitm·
628 3264 683 3315 iam
699 3263 787 3331 prima
805 3265 891 3316 fronte
907 3265 1012 3328 parata,
1054 3313 1062 3328 -.

259 3331 348 3396 Quom
365 3329 504 3394 iaciuntur,
523 3339 549 3384 et
565 3332 689 3384 emissum
705 3350 746 3386 res
763 3334 838 3385 nulla
855 3335 982 3392 moratur,

261 3399 354 3465 Quone
370 3398 542 3474 vides.citim
560 3401 654 3454 debere
672 3407 698 3458 et
714 3403 819 3474 longius
835 3403 883 3472 ire,
