2446 3996
1031 47 1041 80 1
1099 71 1102 80 ,

303 241 645 356 ἸΑιῑ(ῑι]1ν1κ]“πτῑῑινι
659 245 776 314 umas
795 245 854 313 vr.
954 291 956 298 -
1016 271 1068 318 m
1180 249 1185 260 *

88 397 188 520 „petus
202 388 318 452 venti'ex
329 413 359 468 re
371 399 489 466 perculsa
510 397 608 452 semine
620 398 689 466 ignis
708 397 806 458 excitat
824 400 867 471 [v.
878 401 930 457 309
940 431 977 444 -
988 396 1066 476 3221,

134 485 197 520 orro
209 467 349 520 Lucretius
360 466 524 530 mobilitatis,
544 484 611 537 quae
632 467 714 520 estin
726 469 846 533 fulmine,
866 487 957 525 causas
972 490 1067 545 expro-

106 535 167 589 mit.
203 535 271 586 Nam
282 541 384 599 ventus,
402 536 469 587 nube
483 535 606 598 inclusus,
625 537 727 616 quando
742 538 826 590 omnia
842 539 896 591 eius
911 540 994 595 latera
1005 561 1067 612 per·

107 603 239 666 tentavit,
257 603 410 671 tandemque
425 604 542 672 erumpit,
562 604 724 657 velocnsime
740 607 826 658 evolet
841 624 948 661 necesse
965 619 1006 666 eat
1023 613 1065 678 [v.

8 715 10 732 ‚
106 673 297 738 323—329h
322 671 473 740 pracsertim
486 689 563 740 quum
580 691 595 724 e
610 673 712 725 minutis
730 679 830 727 constet
844 676 997 747 levibusque
1012 681 1067 733 ele-

107 741 219 804 menas,
244 740 354 808 ideoque
366 757 415 808 per
426 740 516 806 inanes
531 747 629 792 meatus
644 742 712 793 airis
731 743 807 795 facile
822 750 936 798 transeat
953 749 998 814 [v.
1013 751 1067 804 330

106 839 147 850 -
160 807 241 874 auli.
283 809 392 860 Accedit
412 808 466 860 eius
490 810 620 876 gravitas,
654 826 736 880 eaque
755 810 808 863 ictu
827 814 935 867 maxime
954 818 1066 871 adaucta

107 879 155 946 [v.
168 878 346 945 335-339J.
382 877 419 928 Et
436 878 504 945 quod
517 896 532 928 e
553 877 692 946 longinquo
704 878 788 942 eadit,
807 879 905 935 ideirco
920 884 1007 952 plures
1020 903 1065 938 ω.

106 946 223 1000 ieritatis
237 947 333 1014 gradus
351 951 476 998 momento
507 942 744 1014 uolibe‘t‘acquirit,
762 949 849 1000 forsan
868 950 944 1003 etiam
961 954 1064 1022 abipso

107 1019 172 1070 ²3¹⁸ss
191 1015 295 1068 iuvatur
309 1016 355 1080 [v.
368 1015 465 1069 340·-
512 1013 553 1082 7],.
590 1013 644 1066 Sed
655 1015 737 1078 ,varis
753 1020 793 1069 cst
806 1035 846 1070 ac
865 1020 996 1088 multiplex
1011 1024 1064 1094 ris,

108 1101 187 1154 quam
205 1083 299 1136 frumen
315 1083 343 1136 in
358 1099 467 1152 corpora
483 1083 594 1146 exserit3
620 1082 692 1134 cuius
709 1083 749 1136 rei
767 1085 880 1139 rationes
900 1089 1065 1144 declarantur

109 1155 154 1222 [v.
169 1150 357 1220 348-356]3
383 1151 576 1213 addimentum,
595 1168 641 1202 cur
661 1159 796 1205 auctunmo
811 1159 840 1205 et
849 1171 912 1210 rere
932 1160 1071 1220 crebriora¹
1130 1201 1133 1208 .

109 1222 164 1274 sint
178 1221 292 1274 tonitrua
308 1225 334 1272 et
346 1219 450 1272 fulmina
469 1221 510 1286 [v.
524 1221 707 1286 357—378].
742 1221 861 1291 Denique
877 1242 921 1276 eos
934 1231 1013 1307 polita
1026 1228 1063 1280 ri-

109 1291 171 1354 det,
199 1290 243 1358 qui
262 1289 387 1357 neglectis
402 1287 513 1340 fulminis
535 1285 620 1340 causis
633 1288 806 1353 naturalibus,
834 1309 867 1344 ex
881 1310 912 1345 eo
926 1311 1001 1362 srgna
1014 1313 1063 1348 vo-
1126 1336 1130 1345 ,

108 1359 218 1412 luntatis
230 1358 377 1426 incognitae
391 1357 516 1424 indagant
532 1357 573 1422 [v.
587 1357 638 1410 379
649 1355 765 1422 -ddil
800 1359 909 1412 Fulmini
922 1363 1007 1415 affinis
1023 1369 1065 1416 est
1086 1361 1091 1366 ’

90 1433 225 1497 prester,
244 1426 315 1478 errius
329 1425 417 1479 brevis
427 1423 571 1496 *explicatio
585 1423 731 1490 adiungitur
745 1428 782 1494 [r.
794 1425 967 1496 isa-4501.
996 1431 1063 1492 Tum

111 1497 147 1550 de
156 1497 266 1549 mltum
276 1495 391 1557 disserit,
410 1509 460 1562 quo
473 1499 549 1562 pacto
563 1492 707 1560 gignantur
715 1491 742 1544 in
755 1494 827 1558 eqelo
843 1495 879 1560 [v.
892 1494 1062 1567 451—t5s]‚

109 1564 139 1618 in
150 1562 277 1617 montibus
294 1565 329 1631 [v.
343 1560 395 1617 459
403 1591 435 1600 —
446 1559 527 1628 469],
544 1559 570 1612 in
583 1561 647 1613 mari
660 1559 695 1628 [v.
707 1559 886 1631 470—480],
905 1573 953 1634 per
964 1573 1063 1622 aestum

110 1633 223 1687 aetheris
241 1633 356 1700 aliasque
368 1649 425 1694 res,
444 1646 511 1699 quae
523 1629 681 1682 extrinsecus
700 1631 820 1694 veniunt,
839 1639 866 1684 et
884 1633 911 1684 in
924 1638 985 1688 aere
1000 1654 1062 1690 eoa·
1148 1658 1151 1664 ·

58 1707 60 1710 '
109 1699 463 1786 leseunt[v.481·-4b4].
498 1700 580 1786 Porro
594 1699 743 1818 de'aqeop
762 1770 767 1783 Ι
786 1771 792 1782 ¹

108 1771 276 1838 inprrmrsque
289 1769 321 1821 de
332 1771 455 1822 unbnbcs
471 1768 514 1834 [v.
526 1769 578 1821 517
584 1767 693 1834 -5231
731 1771 824 1822 esrsde
838 1771 873 1837 [v.
888 1769 1061 1840 524-526]‚

8 1865 9 1908 3
109 1840 219 1908 suisque
231 1847 342 1890 naturae
354 1839 539 1906 phamsomeois
558 1836 598 1904 [v.
613 1838 802 1906 527—535],
819 1857 886 1906 quae
899 1841 1000 1908 possint
1013 1843 1062 1896 ali-

8 1921 10 1960 }
109 1925 186 1979 quam
197 1907 298 1961 dediis
311 1910 338 1960 et
351 1905 514 1974 providentia
533 1903 677 1972 opinionem
695 1905 796 1968 ficere,
815 1907 937 1974 disputat.
974 1911 1004 1963 In
1021 1911 1061 1963 his

8 2013 10 2034 ,
108 1975 285 2031 memorabiles
297 1983 357 2028 sunt
371 1980 453 2028 molus
473 1980 573 2024 terrae:
597 1988 665 2040 quae
680 1976 724 2024 aut
736 1973 900 2028 inclinatione
914 1978 1022 2046 quadam
1034 1980 1062 2032 in

108 2046 193 2099 latera
211 2049 286 2098 nutat
308 2045 349 2110 [v.
365 2042 551 2107 536—576]‚
577 2046 621 2091 aut
639 2042 803 2093 successione
823 2060 922 2096 sursum
944 2046 1062 2100 deorsum

110 2115 227 2185 quatitur
241 2114 281 2181 [u.
293 2111 472 2177 577-6071.
507 2107 675 2161 Memorabile
695 2108 784 2172 etiam,
803 2113 871 2178 qued
883 2117 923 2164 tot
936 2113 1021 2166 fluviis
1034 2115 1062 2166 in

108 2201 180 2237 mare
193 2181 399 2243 decurrentibus,
417 2193 487 2231 mare
500 2181 586 2229 tamen
596 2176 674 2228 nihilo
688 2177 768 2232 maius
780 2177 827 2231 fiat
840 2180 876 2245 [r.
889 2183 1061 2250 eoa-6391.

108 2253 237 2306 Maiorem
262 2248 422 2304 mirationem
446 2247 543 2314 ignaris
573 2263 705 2298 causarum
728 2247 826 2300 Aetnae
846 2248 920 2316 ignes
944 2250 1062 2304 inliciunt
1121 2250 1125 2254 ’

8 2305 10 2396 l
110 2323 156 2388 [v.
168 2317 221 2376 640
231 2349 266 2359 -
277 2321 362 2385 712],
381 2323 407 2369 et
418 2316 474 2368 Nili
485 2317 517 2368 ab
532 2314 630 2368 aestivo
644 2314 756 2367 solstitio
768 2317 802 2368 ad
815 2317 1001 2388 aequinoctium
1017 2337 1061 2373 us·

109 2407 161 2458 que
172 2388 333 2442 auctumnale
346 2385 497 2449 exundatio,
516 2400 582 2453 quae
596 2389 623 2436 et
632 2384 689 2452 ipsa
703 2401 718 2436 e
732 2390 844 2453 quatuor
857 2387 941 2441 causis
955 2393 1061 2442 natura-

8 2435 11 2490 Γ
108 2459 177 2512 libus
191 2457 327 2510 deducitur
343 2457 386 2524 [v.
400 2455 580 2516 713-7381.
615 2453 832 2516 Quemadmodum
844 2473 907 2510 vero
919 2458 1061 2512 beneficum

8 2531 9 2558 ³
110 2528 185 2580 deum
202 2543 254 2578 non
274 2523 392 2594 agnoscit
405 2527 496 2592 poetas
520 2522 559 2573 ita
576 2521 668 2576 iratum
681 2529 775 2590 negat3
800 2528 828 2576 et
844 2529 875 2577 nt
894 2527 973 2591 coeli,
993 2528 1061 2581 airis

8 2623 9 2640 r
25 2598 29 2618 ¹
108 2601 248 2664 terraeque
258 2595 432 2664 phaenomena
449 2591 498 2642 diis
510 2588 625 2658 superis,
649 2589 687 2642 ita
701 2590 777 2666 noxia
789 2593 914 2673 quaedam
928 2596 992 2646 etin
1005 2601 1061 2648 ter-

62 2687 65 2690 ·
109 2664 147 2718 ris
166 2662 315 2717 admiranda
334 2661 384 2718 diis
409 2659 499 2713 inferis
522 2658 607 2726 cripit.
652 2659 712 2710 Hoc
735 2661 840 2712 consrho
860 2666 886 2714 et
905 2663 938 2714 de
957 2664 1061 2715 avernia

8 2731 10 2784 f
109 2733 221 2802 aliisque
231 2736 317 2783 terrae
328 2729 456 2782 tractibus
468 2727 615 2779 exitialibus
631 2728 667 2794 [v.
683 2726 860 2793 739-840]‚
889 2731 916 2778 et
931 2721 1069 2798 deputeis-

8 2823 10 2834 ’
109 2801 241 2870 variisque
258 2797 376 2866 benignis
390 2797 504 2848 fontibus
522 2796 564 2862 [v.
579 2793 628 2849 841
641 2794 757 2860 -907]
777 2793 854 2857 dicit,
881 2796 1002 2849 adiuncta
1021 2799 1061 2849 la-

8 2869 19 2938 Jq
87 2881 91 2886 '
129 2870 194 2934 idis,
221 2885 296 2938 quem
314 2872 464 2934 magnetem
483 2867 593 2928 vocant,
617 2860 788 2930 explicatione
806 2862 848 2930 [r.
865 2865 917 2918 908
931 2894 966 2902 -
979 2868 1060 2934 9211.

48 2945 63 2962 “
109 2888 192 2992 dues
205 2936 298 3007 lapidis
319 2935 445 3002 insignem
463 2931 599 2995 virtutem,
626 2929 745 3011 Herculis
758 2931 885 2984 beneficio
903 2933 960 2986 fere
975 2935 1061 2988 tribu-

108 3012 176 3072 tam,
193 3009 224 3059 ut
241 3004 337 3058 rectius
356 3001 480 3072 explicet,
499 3004 611 3069 quatuor
627 3001 712 3068 capita
730 2999 887 3068 praemittit:
910 3018 1001 3068 unum,
1019 3005 1061 3058 ef-

8 3071 10 3132 ζ
108 3073 193 3129 fluere
207 3072 327 3126 continuo
344 3089 388 3124 cor
409 3070 498 3123 uscula
510 3068 636 3138 quaedam
649 3085 682 3120 ex
695 3069 810 3120 omnibus
825 3071 903 3122 rebus
916 3072 958 3140 [va
967 3075 1060 3128 922-

8 3143 10 3188 ἷ
108 3145 190 3212 936];
215 3143 339 3205 alterum,
361 3090 456 3193 madium
473 3155 530 3190 esse
549 3153 642 3207 corpus
663 3137 727 3190 adeo
747 3137 869 3202 solidum,
894 3139 956 3208 quin
974 3141 1061 3195 inania
1086 3171 1088 3174 ·

110 3213 223 3282 spatiola
243 3211 388 3279 intercepta
411 3207 540 3260 contineat
557 3205 805 3274 [v.,937-959];
829 3208 948 3272 tertium,
967 3210 1061 3264 emissa

8 3339 9 3344 ,
110 3281 263 3350 corpuscula
284 3297 333 3333 non
346 3277 459 3330 omnibus
473 3277 551 3328 rebus
566 3275 655 3327 eadem
671 3273 773 3326 ratione
791 3292 934 3342 congruere
952 3278 993 3344 [v.
1007 3281 1061 3332 960

109 3379 146 3392 -
157 3348 245 3416 979];
269 3351 401 3418 quartum,
418 3345 505 3398 inuras
521 3343 632 3426 spatiola
645 3358 696 3395 non
708 3342 821 3396 eiusdem
836 3361 893 3396 esse
905 3345 932 3396 in
945 3346 1061 3398 omnibus

108 3421 189 3474 rebus
199 3419 301 3486 figurae
321 3420 349 3472 et
359 3412 620 3488 circumscriptionis,
639 3425 719 3483 quare
731 3428 780 3466 uec
799 3411 888 3546 eosifem
905 3413 1061 3486 quibuslibet

151 3510 306 3553 susurrus.

745 1701 815 1752 rusa
834 1701 1061 1770 [etos-eser,
1168 1758 1175 1764 ,
