2446 3996
181 241 200 286 ι
402 175 587 314 sanus
609 210 894 280 consenesce

183 370 377 456 rdtmfldem
392 370 550 434 recensiti.
572 368 649 432 Aoo.
658 367 768 431 oorioe
776 367 935 430 lectiones.
958 363 1072 448 Lond,
1089 375 1139 452 op.

189 460 321 537 Tonson,
336 462 429 522 1712.
450 455 508 518 iol.
524 459 556 516 ct
570 459 601 518 4.
615 450 681 598 Ἴ.
718 491 720 496 ·
890 529 895 534 ι
969 487 972 492 -
1128 513 1135 526 ,

187 617 190 622 ¹
268 548 320 609 14.
360 574 403 588 --
424 539 631 601 deremet
707 536 759 599 VI.
806 535 883 598 Gom
903 538 985 600 notis
1006 538 1140 621 integris

186 627 281 690 Dion.
300 624 461 702 Lambini,
485 623 540 686 Ob.
556 623 691 698 Gisona'r',
717 621 793 686 Tan.
807 621 915 696 Fabri,
940 621 995 684 Ta.
1013 621 1139 703 Graecis,

183 796 482 876 Hooeroompo,
504 791 559 873 qui
577 797 610 852 ot
626 811 703 853 suos
723 798 755 852 et
774 790 894 852 Adrols.
909 789 1058 872 Preigers'
1069 791 1141 853 Ao-

183 887 274 942 nott.'
288 878 413 940 adiecit.
456 875 534 937 Aoo.
559 876 779 958 interpretatio
803 873 1023 954 inserena,
1053 895 1139 938 verr.

184 967 267 1036 lectt.
281 971 313 1025 et
325 957 454 1023 indicos.
477 958 529 1022 Lu
552 959 582 1021 d.
596 960 682 1042 Bot,
700 981 749 1043 op.
764 958 791 1023 I.
806 978 867 1021 oon
882 957 942 1021 dor
954 960 1023 1036 Aa,
1045 949 1139 1026 l‘t25.

184 1056 216 1118 4.
237 1049 278 1111 ΙΙ
293 1046 323 1107 V
320 1047 368 1108 oll.
386 1049 478 1127 cstg.
494 981 557 1130 ²¹3.
1031 1088 1033 1096 s

228 1135 230 1140 ’
269 1135 321 1198 15.
365 1165 409 1178 —
430 1129 470 1190 do
490 1147 554 1190 ror.
570 1135 635 1190 aot.
649 1127 678 1189 ll.
699 1127 752 1190 VI.
767 1129 810 1190 od
827 1131 958 1212 oprtimos
973 1127 1060 1190 editt.
1078 1127 1140 1190 ool-
1216 1113 1219 1166 ἶ

187 1217 256 1280 loct.
298 1215 376 1278 Aoo.
389 1215 528 1278 varietas
545 1213 686 1275 lectionis
702 1234 727 1274 o.
742 1213 845 1276 indice
858 1215 992 1276 rarioris
1005 1219 1036 1274 ot
1051 1212 1140 1273 odeo·
1203 1259 1219 1268 .

187 1303 270 1364 letae
281 1291 456 1362 lotinitotia.
479 1291 731 1380 aspersisse.
752 1305 783 1364 8.
798 1300 869 1360 mai.
891 1295 976 1384 (Ed.
990 1295 1140 1375 comendo,
1219 1379 1220 1384 ἵ

185 1383 381 1450 emendatior
392 1391 423 1448 el
438 1384 569 1444 auctior.
594 1380 729 1462 Argont.
743 1387 836 1448 1808.
858 1388 888 1447 8.
903 1384 975 1444 mai.
988 1378 1075 1467 Ἣ).

271 1475 322 1537 16.
363 1469 406 1518 -‘-
428 1465 545 1529 deror.
560 1471 626 1528 aot.
642 1467 671 1528 ll.
693 1465 746 1528 VI.
760 1466 802 1528 od
819 1464 1141 1562 CodicemVindodo
1195 1420 1201 1430 ἱ

185 1580 392 1598 ...n-...-

187 1661 190 1666 .
251 1620 309 1687 20)
326 1617 512 1675 Nitidissimam
532 1617 599 1670 hanc
617 1585 785 1683 editionem,
797 1617 825 1671 in
843 1617 964 1673 contorta
985 1617 1103 1672 oratione
1123 1634 1141 1672 a

1193 241 1215 356 'l

1209 371 1215 522 l

72 711 76 718 ’
124 698 126 706 ’
186 721 218 776 et
240 710 363 774 selectis
386 708 433 771 Io.
457 707 551 790 Bapt.
574 706 629 767 Pii
647 707 857 787 aliorumque,
880 713 1011 768 curante
1034 705 1140 790 sigeo.
1215 749 1217 756 .

186 1689 349 1746 Creeclsinna
370 1688 415 1741 vix
432 1686 611 1748 recedentem,
628 1703 679 1740 non
699 1688 749 1740 nisi
769 1706 840 1743 verr.
852 1689 924 1742 lectt
940 1703 1141 1740 causacomme-
1207 1737 1211 1742 .

185 1775 266 1821 moro,
285 1774 350 1826 quae
368 1754 496 1808 extribus
516 1752 570 1823 (i)
589 1755 670 1808 Codd.
684 1755 828 1820 Vossianis,
842 1756 1023 1825 Gottorpiensi
1035 1761 1062 1808 et
1075 1761 1139 1810 vett.

186 1827 261 1881 editt.
275 1827 328 1892 sine
343 1825 410 1876 iusto
426 1824 531 1896 delectu
546 1824 705 1908 exscriptae,
725 1831 753 1877 et
768 1827 922 1879 coniectsuis
938 1824 1087 1908 quibusdam
1100 1823 1141 1906 pi·
1219 1866 1222 1902 ς

186 1913 272 1948 rorum
290 1893 436 1956 doctorum,
454 1910 480 1944 v.
496 1912 519 1946 c.
534 1892 586 1945 Iac
602 1894 682 1958 Sasu,
701 1893 804 1948 Theod.
821 1895 965 1957 Muncken,
982 1894 1043 1946 Nic.
1057 1893 1141 1946 Hem-

34 1972 36 1976 '
90 2039 93 2042 Ι
189 1963 236 2029 sii,
252 1979 387 2017 exectum
405 1965 503 2014 mmott.
518 1962 701 2028 marginalibus
718 1962 824 2031 potitis,
842 1962 937 2015 mixtae
951 1966 1019 2014 sunt.
1221 1967 1222 1970 ’

256 2032 311 2099 21)
330 2031 451 2082 Continet
466 2031 531 2112 llaec
550 2030 856 2113 editio-‘splendidissinra
872 2031 995 2094 omnium,
1013 2047 1080 2099 quae
1095 2047 1142 2083 us·

187 2117 240 2172 que
254 2100 288 2154 ad
303 2100 478 2167 Havercampr
495 2106 614 2168 tempora
627 2117 677 2152 vin
689 2099 760 2152 docti
772 2105 931 2169 scripserunt
947 2100 980 2151 ad
992 2099 1142 2152 Lucretium

187 2170 230 2224 vel
242 2169 426 2224 emendandum
438 2167 481 2219 vel
493 2167 670 2236 explicandum
686 2169 838 2237 spectantia,
855 2169 912 2221 fere
924 2168 1058 2236 integrato,
1068 2167 1142 2220 ideo·
1162 2169 1166 2175 ’

188 2253 238 2309 que
257 2237 423 2300 utilissimam,
446 2235 636 2298 collectionem
655 2235 696 2288 cui
709 2254 775 2289 nova
794 2244 958 2290 accesserunt
971 2237 1086 2290 varietas
1103 2235 1142 2288 le·

188 2307 281 2360 ctionis
299 2323 314 2357 e
331 2306 413 2357 codd
429 2303 570 2365 nonnullis,
589 2310 665 2356 antea
678 2305 789 2358 nondum
803 2305 919 2369 collatis,
937 2298 1052 2375 inprimis
1067 2309 1141 2357 utro—

188 2449 217 2496 et
227 2438 460 2501 annotatiunculae,
469 2443 523 2490 turn
539 2440 648 2508 primum
662 2441 807 2510 evulgatae,
817 2448 844 2494 et
858 2441 989 2496 Abr.Prei
1021 2441 1044 2492 ri
1058 2440 1141 2494 enirn-

188 2509 354 2564 adrersioues
374 2506 546 2560 doctissimae.
581 2508 667 2578 Ipsius
685 2526 748 2561 vero
769 2510 941 2580 Havercampi
957 2511 982 2562 in
1046 2509 1142 2562 retium

190 2577 297 2640 merita,
320 2576 343 2628 si
358 2595 373 2630 a
388 2575 522 2644 diligentia
535 2576 562 2628 in
576 2577 757 2646 conquirendis
772 2587 799 2630 et
813 2579 959 2647 digerendis
971 2577 1079 2630 aliorum
1094 2577 1141 2630 coss·

102 2708 107 2712 ,
140 2645 141 2650 ’
190 2647 240 2718 piis
257 2645 410 2709 recesseris,
428 2645 560 2699 admodum
570 2646 664 2713 exigue
673 2651 747 2709 sunt,
766 2647 863 2731 quippe
876 2648 958 2717 quiin
972 2663 1063 2714 magna
1078 2647 1141 2699 sub-

190 2715 313 2770 sidiorum
329 2715 477 2768 criticorum
494 2713 627 2767 affluentia
644 2731 696 2767 non
708 2715 759 2766 nisi
772 2717 933 2783 pauclssimis
946 2715 1009 2768 locis
1023 2713 1142 2767 Larnbini

164 2820 167 2825 ·
187 2779 363 2842 recensionem
369 2783 523 2847 deseruerit,
535 2789 562 2836 et
573 2800 631 2836 raro
643 2788 740 2836 tsntsun
753 2785 847 2838 breves
858 2785 960 2837 notulas
972 2783 1141 2852 adsperserit.

257 2852 313 2920 22)
330 2854 359 2905 In
373 2853 513 2921 Bipontina
523 2851 605 2921 priori
619 2857 724 2921 praeter
737 2859 890 2916 contextum,
911 2871 926 2905 e
940 2852 1052 2922 vulgatis
1066 2852 1141 2904 editt.

189 2921 355 2988 descriptum,
372 2919 472 2974 invenie
483 2921 600 2986 Lucretii
613 2920 825 2980 vitamslambino
841 2927 960 2984 auctore,
979 2921 1094 2974 non‘tianr
1108 2919 1141 2971 li-

188 2988 310 3041 terariam
329 3006 344 3039 e
360 2987 494 3059 Fabricio,
512 2989 598 3064 rarius
616 2989 754 3054 lectiones,
772 2989 903 3042 marinam
919 2995 1019 3058 partem
1033 3005 1065 3041 ex
1077 2988 1141 3040 edit.

189 3055 281 3128 Lond,
299 3059 329 3108 ut
339 3054 450 3118 videtur,
467 3056 621 3123 depromes,
637 3064 664 3110 et
677 3058 787 3112 indicem
798 3058 903 3111 rarioris
914 3063 942 3111 et
955 3059 1086 3111 obsoletae
1100 3057 1141 3108 la-

189 3123 310 3176 tinitatis.
346 3121 376 3174 In
389 3123 526 3190 posteriori
541 3142 622 3188 vero,
639 3143 706 3195 quae
722 3127 952 3180 Wakefieldiansm
966 3125 1143 3179 recensionem

190 3203 248 3245 cuns
265 3190 439 3244 Eichstaedtii
457 3193 639 3254 mutationibus
660 3195 699 3248 ita
718 3195 828 3264 repetit,
846 3202 876 3248 ut
894 3195 939 3250 vix
955 3209 1005 3249 uno
1025 3194 1143 3246 alterove

189 3261 247 3316 loco
269 3260 303 3312 ab
322 3259 371 3310 hoc
390 3259 489 3312 editore
504 3259 637 3329 discedat,
655 3262 772 3318 solidam
785 3263 925 3331 literarium
938 3264 1018 3318 habes
1032 3267 1143 3326 auctam

190 3327 270 3389 veniis
281 3325 431 3382 lectionibus
442 3327 552 3384 omissis.

82 2421 86 2430 .
188 2391 241 2443 que
251 2371 393 2434 Vossiano,
409 2376 436 2424 et
450 2371 524 2422 editt.
538 2371 651 2440 antiquis
662 2373 808 2442 exscripta,
826 2375 861 2430 Is.
874 2375 962 2426 vossii
978 2374 1143 2426 coniecturae
1206 2427 1212 2440 ,
