2446 3996
347 227 794 324 ,summersione
840 201 851 246 ⁵
921 216 924 222 ’
993 259 1073 306 nm

110 387 177 450 iam
187 388 399 466 donaverim,
422 407 501 471 quae
515 385 561 445 ibi
575 386 763 468 scripserim,
783 389 971 454 liceatmihi
1007 389 1073 456 anl-

111 471 210 534 lnlum
231 479 350 534 mutata
371 474 425 555 hic
446 477 601 553 repetere.
654 475 824 555 „Epistola
845 479 1006 540 Ciceronrs
1031 479 1072 542 ad

112 557 263 634 Quintum
283 559 417 618 fratrem
430 557 472 633 11,
497 561 561 632 11.,
584 577 643 636 qna
660 559 701 618 dc
717 559 856 621 Lucretii
872 563 1011 624 carmine
1025 565 1072 624 iu·
1107 587 1110 590 ·

113 638 232 701 dicium
252 642 341 720 tulit,
363 643 483 720 scripta
507 647 555 701 est
577 647 631 702 ant
652 661 680 702 a.
695 641 734 705 V.
755 645 790 704 0.
804 650 894 720 698„
918 644 972 730 (ut
994 647 1071 708 Me*

1 771 2 774 η
112 725 251 786 nntius
275 723 423 810 censet),
445 730 499 786 out
521 719 1090 814 menseianuarioa.ffl9.(i1uem··
1164 784 1170 800 .

1 843 2 847 =
112 809 282 872 admodum
298 810 514 872 Schitzius
537 812 647 871 statuit
659 811 693 875 in
706 813 782 874 edic
791 815 905 897 Epistt.
914 815 978 876 Cic.
991 820 1071 877 tern—

112 894 198 974 poris
214 895 326 954 ordine
350 895 482 976 disposs.
496 894 535 955 T.
548 893 584 954 11.
600 892 855 980 p.163.)1sm
873 917 946 959 vero
967 917 1071 978 quum,

0 991 14 1056 f
111 977 141 1038 si
163 977 282 1044 dudum
297 978 368 1046 'iem
380 979 423 1040 .iu
443 978 545 1038 locem
564 979 683 1040 editum
703 980 819 1047 iuisoet
841 983 981 1044 Lucretii
1002 1003 1071 1045 cer·

112 1081 202 1135 men,
224 1063 307 1141 quod
323 1067 473 1124 attentam
495 1063 629 1124 omniurn
644 1070 781 1126 mentem
794 1066 828 1126 in
850 1087 884 1129 se
907 1071 1070 1148 converte-
1107 1076 1109 1082 '
1171 1093 1174 1099 ¹

112 1152 165 1208 ret
179 1163 309 1208 neeesse
322 1153 410 1224 eret,
430 1166 496 1220 uon
506 1153 687 1227 appareret,
712 1168 768 1210 cur
779 1169 860 1213 nuno
878 1151 1003 1212 demum
1017 1151 1070 1211 ci-

113 1249 187 1291 cero
210 1233 397 1294 sententiam
419 1251 506 1292 suam
522 1232 562 1293 de
580 1251 679 1312 opere
702 1234 757 1295 illo
773 1255 842 1295 cum
861 1235 963 1304 fratre
984 1255 1070 1318 com·

11 1386 16 1391 ,
112 1315 302 1392 municaret,
324 1317 382 1376 iilo
398 1313 525 1395 quidem
538 1322 679 1394 tempore
689 1317 832 1378 Lucretii
845 1320 982 1382 carmina
994 1337 1070 1380 non-
1176 1355 1181 1376 1

114 1399 189 1460 dum
205 1400 258 1460 diu
274 1401 400 1477 cognita
416 1400 516 1460 fuisse
532 1406 628 1479 patet.
672 1401 860 1479 Nectemen
877 1403 1070 1484 eodemipso
1124 1451 1127 1454 -
1191 1440 1197 1450 κ

112 1497 211 1561 suno,
232 1486 420 1564 quo'Cicero
443 1503 550 1545 corum
567 1485 760 1546 mentionem·
772 1486 868 1566 fecit,
889 1487 1069 1548 aLucrctic

24 1601 31 1618 .
114 1569 201 1629 edita
216 1589 285 1630 esse
306 1573 485 1649 potnerunt.
527 1568 609 1630 Nam
631 1589 724 1648 quum
735 1569 895 1634 Sosiorum
907 1571 1070 1635 similium·
1139 1575 1147 1584 “

112 1670 174 1730 quo
186 1653 348 1714 hominum
366 1654 519 1714 tabernae
538 1657 604 1713 tum
619 1646 753 1715 nondum
767 1659 929 1735 paterent,
961 1674 980 1715 e
1002 1655 1070 1733 qui-

1 1801 2 1812 ,
113 1737 172 1797 bns
197 1739 335 1816 quemvis
362 1738 479 1798 librum
505 1736 538 1796 in
564 1738 664 1800 lucem
689 1740 808 1799 editum
834 1740 939 1820 cupidi
962 1737 1068 1816 legen-

114 1821 148 1882 di
169 1821 276 1884 stetim
297 1822 358 1882 sibi
383 1841 498 1902 parare
523 1827 669 1901 possent,
710 1828 835 1903 oportet
864 1831 986 1904 tempus
1010 1821 1068 1882 ali·

1 1927 2 1983 3
112 1906 196 1984 qnod
210 1906 448 1984 intercessisse,
469 1911 631 1984 antequem
644 1925 769 1967 carmen
789 1913 945 1981 nostrum,
966 1907 1068 1968 Mem-
1130 1949 1141 1965 .

1 2025 7 2042 η·
111 1991 175 2050 mio
191 1986 374 2082 ⁶)'proprie
394 1992 547 2066 dicatum,
566 1996 597 2050 et
610 1995 777 2069 propterea
801 2012 871 2052 curn
891 1991 961 2052 aliis
981 1991 1068 2052 haud

1 2070 2 2098 ³
111 2075 212 2134 dubie
244 2093 306 2135 non
342 2074 427 2136 illico
463 2075 736 2152 communicatum,
785 2075 929 2155 pluribus
964 2093 1069 2134 erem·

110 2158 175 2240 plis
195 2159 448 2237 describeretur,
469 2163 504 2219 nt
522 2179 539 2218 a
557 2159 594 2236 Q.
613 2159 766 2220 Cicerone
781 2159 845 2236 legi
864 2166 899 2219 et
918 2175 1068 2237 supereo

1 2299 8 2310 ,,
110 2243 224 2304 fratris
248 2245 404 2305 sententia
433 2243 539 2321 rogari
564 2248 680 2322 posset.
744 2243 877 2320 Quintus
899 2245 1003 2304 autem
1027 2259 1068 2302 m.

1 2341 2 2386 ἒ
110 2327 200 2388 Maio
215 2347 242 2388 a.
258 2332 330 2391 oct.
346 2345 364 2386 c
379 2327 540 2407 Sardinia,
559 2326 592 2386 in
609 2345 700 2406 quam
721 2325 844 2407 legatus
866 2327 1073 2388 reinonem
1118 2363 1124 2376 =

1 2419 2 2458 ἒ
107 2411 216 2472 turine
231 2431 323 2472 causa
344 2431 361 2472 a
381 2412 529 2490 Pompeio
544 2411 658 2472 mneos
671 2416 755 2490 crat,
776 2413 916 2474 redieret
937 2410 1069 2472 noman

0 2539 1 2542 ,
62 2553 68 2562 ,
112 2492 202 2577 (Cic.
223 2497 351 2570 adeum
370 2497 450 2576 Epp.
464 2496 510 2572 11,
530 2490 607 2559 1'-.-
620 2503 650 2562 τ.
668 2495 739 2571 coli.
757 2515 827 2557 eum
850 2497 928 2576 Epp.
946 2495 1068 2558 adDiv.

23 2596 28 2602 ·
112 2577 143 2656 l,
153 2576 207 2662 9.)
232 2584 324 2658 atque
338 2581 411 2640 inde
423 2581 529 2640 statim
543 2580 575 2639 in
587 2580 693 2645 viliam
710 2581 861 2659 aliquam,
882 2585 917 2640 ut
930 2579 1070 2658 videtur,

112 2662 214 2724 literis
239 2668 402 2724 voceturus
425 2663 615 2724 discesserat
639 2659 724 2748 (Cic.
741 2666 782 2724 ad
800 2665 836 2741 Q.
855 2665 908 2724 Fr.
925 2660 968 2740 ll,
990 2667 1069 2726 8-

79 2757 83 2775 '
113 2743 205 2829 12.);
228 2747 355 2807 Marcus
369 2766 459 2823 vero,
481 2747 520 2806 ab
537 2747 646 2806 exsilio
667 2752 847 2819 revocatus,
868 2745 972 2824 pridie
988 2745 1069 2804 Non.

27 2883 39 2908 χ
111 2829 201 2908 Sept.
225 2852 250 2890 a.
273 2835 346 2896 697.
370 2831 503 2892 Romam
523 2842 668 2890 reversus
687 2832 765 2888 eret.
819 2831 924 2906 Quare
943 2827 1070 2899 videant

1 2957 2 2998 3
111 2912 173 2973 viri
188 2916 283 2990 docti,
304 2935 344 2976 an
361 2916 570 2976 coniecturam
589 2933 690 2973 meam
702 2913 839 2992 probare
853 2911 985 2994 possint,
1006 2909 1069 2972 Lu»

1 3017 2 3022 ¹
110 2998 207 3058 cretii
219 2999 355 3060 carmine
368 2999 496 3060 circiter
511 2997 611 3078 priori
628 2998 700 3057 anni
715 3003 788 3062 oct.
808 2996 970 3076 semestri,
993 3012 1069 3072 ergo

1 3077 2 3112 i
110 3082 197 3143 inter
211 3084 419 3164 ipsastnrbu
437 3090 470 3145 et
488 3082 679 3165 periculosas
703 3082 949 3176 machinationes
964 3099 982 3144 n
996 3080 1069 3142 Clo·

109 3223 324 3244 ῌ--Ι--ιι-

12 3341 18 3346 -
183 3284 222 3352 6)
246 3285 288 3338 De
302 3268 353 3355 ¹quo
367 3287 433 3339 coni.
451 3287 521 3342 Dies.
534 3305 592 3341 meo
611 3303 697 3340 comm.
709 3289 762 3340 not.
778 3285 820 3338 15.
833 3282 890 3337 coll.
905 3299 963 3337 cum
984 3277 1095 3336 emens

110 3351 220 3409 dntiom
236 3351 1016 3429 numerorumquorundauinamottad1,27.proposits.
1054 3383 1060 3392 ·
1115 3415 1118 3422 ,
1169 3419 1173 3430 1
