2446 3996
162 256 221 304 m·
256 247 259 254 ⁴
352 174 691 336 praemortuum
711 213 822 322 tntu
841 228 928 304 111.
999 269 1045 296 „s

163 387 265 455 altero,
282 387 352 458 qaod
362 385 452 452 ualere
467 383 586 455 privatus
602 379 754 452 etspiritu,
774 381 991 444 bomotuorialur
1006 381 1019 452 [
1024 396 1050 438 1.·
1066 379 1120 442 122

165 487 200 526 :-
214 457 290 526 137J.
325 459 436 519 Verum,
458 473 491 506 ne
503 452 636 508 vocabulis
650 451 794 521 promiscue
805 453 965 521 'usurpandis
978 451 1062 506 minus
1076 452 1121 506 di-

165 527 260 582 stincte
281 523 557 587 dissererevideotnr,
576 522 703 584 ostendit,
722 521 830 576 utimum
845 526 872 574 et
887 521 994 578 animam
1007 521 1120 579 istesso

165 596 267 664 quidem
279 594 437 648 iunctissime
451 591 547 655 teneri,
559 625 561 632 ·
571 591 617 644 sed
635 591 779 647 animum
796 587 847 658 (τὸ
866 587 999 659 λογικόν)
1012 590 1119 660 praeci·

164 681 241 734 poem
260 682 318 716 esse
336 670 451 732 pumen,
476 663 583 729 eiusque
603 659 756 713 domicilium
774 677 832 715 esse
849 659 877 713 in
894 660 979 718 medio
998 664 1119 729 pectore,
1214 675 1215 680 ¹

96 721 101 747 '
155 740 255 820 qtpote
267 732 295 784 in
309 749 359 801 quo
373 719 524 812 affeetiones
542 728 617 782 animi
632 728 772 791 exsistant;
796 730 941 782 orimum
958 725 1119 813 9111111(πρ

165 799 610 942 ἶέῗγῗέεἶῖεἷειῗωῖὲξῗῖῗ
621 814 723 921 affl?
731 797 1121 936 ’nlbllwclrssllldllffi

165 939 261 1008 'quippe
274 939 308 990 ab
326 938 409 990 anisuo
422 936 496 1003 tangi
516 937 638 1018 animem,
657 951 731 1003 quam
746 940 863 998 moveat,
888 936 921 987 ab
937 935 1021 986 anima
1032 938 1121 989 autem
1194 995 1197 998 ‚

165 1024 276 1075 eorpus:
299 1007 393 1060 nullum
405 1023 483 1069 vero,
501 1007 552 1058 mei
569 1005 637 1058 iuter
656 1021 780 1072 corpora,
799 1009 944 1062 emtactum
968 1004 1003 1071 [v.
1018 1005 1069 1058 162
1081 1031 1122 1044 -·
1215 1039 1217 1052 .

154 1079 242 1142 ¹1771.
277 1075 344 1128 Eum
364 1087 515 1144 corporeum
528 1073 636 1126 animum
656 1073 772 1154 componi
786 1089 818 1130 er
829 1072 921 1128 atomis
933 1070 1120 1153 minutissimis,

167 1144 340 1198 subtilissimis
354 1150 381 1196 et
391 1143 498 1196 maxime
510 1142 637 1206 robmdis,
656 1149 749 1209 pamm
764 1159 797 1194 ex
807 1157 901 1208 magna
911 1141 1004 1196 mentis
1016 1139 1121 1192 mobili-

165 1218 221 1274 tate
237 1213 279 1278 [v.
298 1212 482 1280 178-8031,
500 1211 595 1280 partim
607 1227 639 1263 ex
653 1228 685 1262 eo
698 1209 898 1276 demenstratur,
917 1210 986 1280 qued
1000 1207 1121 1278 corporis

49 1276 51 1280 ’
164 1281 258 1334 mortui
271 1281 360 1334 eadem
375 1281 424 1344 sit,
451 1297 517 1349 quae
535 1279 586 1332 fuit
602 1279 730 1342 viventis,
757 1279 851 1343 moles,
869 1279 937 1334 idem
974 1279 1056 1333 ondus
1074 1277 1121 1344 [v.

164 1351 347 1417 804-2311.
383 1350 442 1402 Neo
455 1366 519 1401 vero
534 1349 642 1417 simplex
657 1354 698 1404 est
711 1346 823 1411 animus,
841 1349 888 1400 sed
903 1365 934 1402 eo
971 1353 1121 1402 1111111111·Υ

164 1418 229 1481 lore,
249 1424 337 1481 rento,
354 1421 455 1470 111111
477 1417 528 1470 alia
546 1418 652 1486 insuper
666 1435 706 1480 re,
724 1433 790 1485 quae
804 1434 836 1470 er
853 1415 1017 1480 tenuissimis,
1034 1415 1121 1470 minu-

165 1485 270 1548 tissimis
285 1494 311 1540 et
321 1488 429 1540 maxirue
441 1486 576 1538 mobilibus
593 1486 685 1540 eternis
702 1489 837 1550 substans,
857 1503 947 1540 sensus
964 1483 1120 1554 principium

166 1560 194 1608 et
205 1555 279 1622 origo
292 1561 332 1606 est
353 1557 389 1622 [v.
403 1558 456 1610 232
468 1584 504 1592 -
515 1555 588 1621 2581.
624 1555 699 1617 Quae
714 1560 824 1622 quatuor
836 1571 879 1608 res
893 1554 932 1608 ita
945 1553 1014 1608 inter
1027 1570 1058 1610 se
1067 1551 1121 1606 mia

165 1629 285 1686 scentur,
303 1628 333 1674 ut
346 1639 436 1686 mam,
454 1636 501 1692 pro
515 1623 619 1675 diversa
637 1622 800 1675 animantium
823 1629 932 1686 statura,
949 1620 1121 1674 substantiam

166 1690 283 1746 efficiunt
299 1691 342 1758 [v.
355 1693 407 1745 259
420 1721 456 1730 —
468 1677 549 1757 8181.
580 1691 618 1742 Et
627 1695 701 1742 tenta
715 1697 757 1742 est
769 1689 867 1744 animae
881 1698 908 1744 et
924 1691 1040 1760 eorporis
1056 1705 1120 1742 oon-

165 1758 277 1824 iunctio,
300 1766 330 1811 ut
344 1759 399 1834 sine
410 1759 545 1828 utriusque
559 1759 674 1828 pernicie
687 1760 805 1880 regeneri
818 1765 947 1830 nequeant
961 1761 1004 1828 [v.
1017 1757 1070 1813 324
1082 1785 1121 1797 -

164 1829 244 1895 3501.
278 1827 373 1896 Neque
384 1829 468 1880 anima
481 1827 561 1880 solum
576 1826 668 1890 sentit,
687 1845 715 1880 se
747 1828 823 1881 etiam
838 1845 947 1898 corpus;
972 1844 1019 1880 seu
1028 1826 1121 1897 petius

123 1935 125 1940 -
165 1901 249 1948 totsun
259 1897 366 1960 animal,
384 1916 398 1948 e
413 1914 523 1966 eorpore
536 1903 564 1948 et
577 1896 661 1949 anima
675 1897 844 1964 compositum
864 1897 975 1964 [eum
989 1925 1025 1936 -
1036 1896 1120 1958 1701.

165 1963 231 2025 Post
252 1965 317 2018 boec
338 1969 415 2034 poeta
436 1967 535 2020 refutat
550 1965 693 2034 opinionem
709 1963 866 2029 Democriti,
890 1963 1004 2034 singulas
1020 1963 1123 2022 auitum

165 2040 255 2103 partes
275 2033 383 2116 rmgsrlia
399 2035 515 2103 corporis
537 2034 652 2102 partibus
671 2034 805 2102 oppositas
824 2052 881 2087 esee
897 2040 976 2103 atque
990 2049 1122 2089 connexu

165 2109 340 2156 asseverantis
358 2105 394 2172 [v.
407 2106 458 2158 871
470 2132 506 2142 -
517 2103 597 2171 asem
614 2107 650 2166 et.
668 2110 699 2154 ut
711 2107 787 2154 antea
804 2103 936 2167 deriserat,
954 2102 1064 2158 animum
1076 2119 1122 2156 es·
1197 2145 1200 2149 .

165 2188 195 2222 se
207 2171 334 2240 potiorem
349 2172 464 2226 ardmalis
478 2175 593 2241 partem,
611 2170 650 2222 sie
663 2172 696 2224 ab
711 2171 793 2224 animo
828 2169 910 2236 otius,
928 2189 1004 2240 quam
1016 2173 1049 2225 ab
1063 2171 1122 2223 arri-

162 2257 215 2304 ana,
231 2239 311 2291 vitam
325 2241 447 2308 pendere,
464 2241 623 2308 salutemque
637 2239 785 2292 conservari
816 2246 956 2298 emonstrat
970 2241 1008 2308 [v.
1020 2242 1073 2295 397
1083 2267 1123 2280 -

164 2307 240 2375 4171.
275 2307 375 2360 Deinde
395 2309 492 2362 enimes
506 2315 533 2360 et
544 2309 642 2364 animae
660 2307 733 2360 nasci
753 2315 781 2362 et
799 2307 906 2362 interire
924 2327 981 2364 oum
1001 2308 1122 2379 corpori-

53 2423 57 2430 .
165 2376 230 2440 bus,
248 2393 295 2433 sex
309 2383 337 2440 at
356 2375 452 2445 viginti
462 2377 618 2444 argumestis
639 2377 776 2430 ostendere
797 2383 920 2441 comem,
941 2378 1030 2432 derisa
1042 2377 1123 2432 stiam
1144 2381 1152 2391 “

165 2445 489 2516 obitqrtransmigratione
502 2447 668 2514 Pythagorae
684 2447 720 2513 [r.
732 2443 784 2504 418
797 2473 833 2486 -
850 2447 922 2515 8411.
957 2446 1020 2499 11111
1034 2451 1123 2500 autem

120 2549 126 2556 -
165 2531 198 2573 ox
210 2514 367 2582 argumentis
385 2513 529 2578 concludit,
545 2522 652 2574 mortem
665 2532 724 2568 esse
739 2513 848 2568 emnium
861 2531 949 2570 rerum
961 2515 1052 2578 finem,
1070 2531 1123 2568 nee

164 2589 344 2654 postmortem
364 2584 466 2636 mortali
487 2584 586 2638 animae
599 2584 737 2653 quidquam
755 2583 893 2640 timendum
905 2601 978 2647 esset
1005 2583 1070 2645 ime,
1096 2581 1124 2636 si
1208 2612 1212 2622 ι

164 2651 266 2714 ammae
278 2651 453 2706 immortalitas
471 2651 637 2717 asumuntur,
654 2657 761 2707 sermm
777 2657 863 2707 tamen
878 2651 942 2708 nibil
958 2669 1025 2716 esse,
1043 2667 1124 2720 quun

164 2719 256 2784 anina,
275 2737 384 2789 corpore
403 2721 528 2786 seiuncta,
544 2739 596 2782 ison
609 2720 759 2784 meminerit,
777 2739 808 2774 se
822 2738 934 2790 uuquam
946 2727 1024 2774 antee
1039 2719 1123 2776 exsat-

164 2790 229 2842 tisse
246 2788 285 2858 [v.
300 2793 398 2845 842-
409 2793 487 2860 8821.
520 2791 634 2844 Proinde
655 2790 724 2844 ridet
743 2807 837 2844 vanum
855 2790 947 2844 mortis
959 2795 1067 2852 metum,
1092 2792 1133 2842 eos

163 2857 266 2910 inanem
283 2858 409 2912 bominum
432 2861 464 2913 de
488 2860 621 2929 sepidtura
643 2857 847 2917 sollicitudinem.
860 2859 904 2924 [v.
921 2859 973 2914 883
985 2887 1022 2897 —-
1034 2858 1122 2924 906];

164 2922 308 2994 docetque,
334 2936 440 2981 mortem
455 2947 506 2982 nen
525 2947 582 2982 esse
597 2927 703 2991 malum
721 2927 782 3010 quie
800 2927 894 2983 mortui
914 2943 966 2982 trun
986 2926 1124 2994 indigeant

88 3017 92 3020 ·
164 2993 254 3055 bonis,
279 2996 371 3062 quibus
386 2997 440 3048 vivi
456 2998 600 3064 gaudeant,
628 3013 712 3066 neque
726 2996 786 3048 setis
806 2996 938 3050 doloribus
961 2995 1121 3060 mmmm

165 3059 211 3130 qui
222 3061 329 3123 miserm
343 3065 464 3118 mortales
477 3065 597 3134 affligant
610 3064 839 3134 [aeut-9431,
855 3064 934 3120 ritem
949 3063 1027 3119 etium
1038 3062 1123 3130 ipsam

164 3145 216 3188 uun
226 3146 284 3191 esee
298 3131 508 3198 desiderabilem,
526 3135 622 3204 quippe
637 3151 704 3205 quae
718 3133 781 3186 nibil
795 3133 857 3188 novi
871 3133 983 3196 efferet,
1001 3130 1047 3183 sed
1060 3145 1124 3184 ean·¹

164 3195 223 3262 dens
234 3215 287 3256 sem
321 3201 497 3272 rvolnptates
510 3221 591 3272 usque
604 3205 637 3258 ad
648 3219 769 3262 nauseam
781 3201 960 3262 subministret
974 3197 1011 3267 [v.
1024 3195 1126 3254 etl-⁴

163 3265 237 3336 9881.
272 3216 340 3332 'Fuere
352 3275 382 3322 et
392 3271 520 3327 tenificas
532 3273 650 3335 fabulas,
671 3289 738 3341 quas
752 3275 846 3340 posue
862 3275 926 3324 sunt
937 3271 971 3324 de
987 3267 1080 3324 inferis
1092 3270 1125 3321 et

165 3336 255 3408 poenis
268 3343 447 3406 pertimertem
459 3341 603 3405 commenti,
621 3340 762 3408 allegorica
778 3340 887 3424 quedam
901 3337 1128 3409 interpretatione

160 3405 252 3472 elevat
264 3408 301 3478 [v.
316 3408 517 3479 989-11161,
533 3410 568 3470 etl
580 3407 760 3468 mosomum
771 3413 843 3466 ntae
858 3408 1030 3479 11ιό1111111
1042 3405 1129 3490 111111ι
