2446 3996
288 307 291 314 .
327 245 640 320 unumunurm
653 234 769 320 'uuor
787 251 855 321 v.··
995 279 1055 328 nx

93 406 175 478 quod
182 413 270 460 cinnes
284 403 340 464 eius
348 407 442 476 'partes
459 403 568 460 subinde
581 405 709 462 intereant
727 409 763 479 [v.
781 409 951 481 157-235].
986 409 1054 470 Nan
1114 467 1118 472 ,

94 478 164 529 sicut
185 481 312 544 quatuor,
332 475 453 542 equibus
470 481 586 540 constat,
605 477 743 542 elementa,
762 485 847 544 terra,
867 498 949 552 equa,
967 485 1013 533 ser
1026 489 1054 536 et

94 545 173 613 ignis,
186 551 213 596 ct
227 550 290 595 natu
306 543 358 595 sint
371 548 397 594 et
410 541 620 610 exstinguantur:
637 546 676 598 ite
687 548 806 600 mundum
819 550 902 618 ipsum
915 550 1054 618 aliquando
1169 551 1174 560 '

23 652 24 655 η
95 615 195 672 initium
207 611 339 674 habuisse,
359 611 495 680 aliquando
510 611 586 664 finem
598 614 743 668 habiturum
756 635 814 669 ense
829 623 865 686 lv.
877 617 1053 687 aas-524}

95 674 200 734 Initium
219 681 276 732 eius
289 686 380 748 patere
394 686 448 732 tum
463 698 495 732 ex
514 681 641 750 principio
656 683 781 738 historiae
799 687 841 752 [v.
855 689 908 743 325
921 717 957 736 2—
970 689 1053 756 3301,

96 755 149 803 tum
171 767 203 802 ex
231 748 324 802 artium
343 765 436 801 recens
457 747 652 804 adinventarum
670 753 771 805 ratione
791 755 834 819 [v.
850 757 901 811 331
915 757 1054 820 -35113

95 819 174 872 finem
192 823 278 870 eutem
297 815 419 884 cognosci
439 817 533 886 purtim
553 835 586 871 ex
602 836 648 884 eo,
672 822 740 888 quod
759 823 919 878 solennitatis
937 824 1007 877 notio
1024 816 1054 880 iu

95 887 217 941 mundum
239 903 291 938 non
309 886 385 938 cadat
402 885 438 954 [v.
450 886 549 940 352-
561 887 641 956 3801,
676 889 770 958 partim
790 909 805 942 e
826 893 945 946 continue
966 909 1055 962 pugna

96 957 280 1009 elementorum
296 953 337 1022 [v.
351 956 402 1009 381
413 983 449 992 -
460 952 545 1024 3941;
569 959 597 1009 et
612 958 754 1025 mythorum
775 960 1006 1016 considerationem
1021 977 1053 1013 oo

96 1043 143 1077 nos
165 1025 277 1086 ducere,
301 1027 331 1074 ut
345 1022 411 1076 harno
426 1040 574 1092 compagem
588 1043 636 1084 nec
657 1028 690 1078 ab
712 1031 817 1080 aeterno
835 1031 979 1095 exstitisse,
1004 1046 1055 1082 nec

97 1095 154 1146 fore
166 1092 347 1160 sempiternam
359 1095 477 1161 putemus
496 1092 537 1160 [v.
551 1095 604 1165 396ι
617 1123 652 1133 ·-
664 1091 743 1165 1161.
779 1097 904 1165 Sequitur
917 1115 1052 1166 cosmogo-

97 1162 141 1216 uia
153 1160 264 1232 Epicuri
280 1161 320 1228 [v.
334 1157 523 1230 417—43213
541 1164 679 1216 secundum
696 1182 771 1234 quam
784 1165 863 1234 poeti
874 1167 907 1220 de
922 1175 981 1220 ortu
998 1167 1053 1218 rin-

97 1232 214 1300 gularum
233 1229 320 1282 mundi
338 1230 450 1298 partium
469 1247 502 1282 ex
524 1230 654 1300 indigesta
676 1235 786 1302 quadum
804 1235 870 1288 mole
892 1235 1051 1306 pronuntiat,

98 1300 257 1368 eisdemque,
271 1303 348 1366 prout
362 1300 497 1366 grupiom
512 1299 675 1370 levioresque
689 1307 757 1366 sunt,
777 1303 853 1355 sedes
866 1321 926 1355 sues
940 1310 967 1355 et
978 1303 1052 1355 locos

97 1369 220 1424 eunbuit
239 1369 281 1435 [v.
294 1365 480 1434 133-5091τ
505 1367 598 1420 deinde
619 1371 653 1422 de
670 1371 736 1422 coeli
758 1371 920 1440 siderumque
941 1371 1052 1424 motibus
1082 1365 1090 1374 “

73 1463 79 1472 ·
97 1439 163 1491 duna
182 1437 262 1490 affert
279 1436 411 1504 opiniones
434 1438 477 1504 [ιζ.
492 1436 679 1506 510-5341ε
705 1440 780 1491 docet
791 1455 884 1508 porro,
910 1456 961 1509 quo
977 1439 1053 1492 modo

97 1513 185 1560 terrae
198 1505 274 1559 huius
286 1521 433 1574 conpages,
451 1522 527 1573 quum
540 1523 584 1558 cor
602 1521 633 1558 us
653 1523 734 1574 grave
745 1507 787 1571 sit,
805 1507 874 1560 nullo
887 1508 1053 1560 fundamento

98 1575 199 1640 noina,
218 1575 333 1644 pendeat
353 1575 393 1642 [v.
405 1576 458 1630 535
471 1603 507 1614 ·-
521 1522 606 1644 ocull
629 1580 681 1628 tmn
696 1575 775 1628 solem
794 1581 821 1628 et
839 1575 923 1630 lunam
937 1575 1051 1639 metitur,

98 1643 1052 1783 1101111111ῑῖ1121111111111111113111·

190 1753 197 1766 ι
276 1741 311 1752 '—
405 1751 414 1776 9
1037 1739 1053 1752 “

63 1827 65 1832 ,
98 1783 155 1836 deri
167 1783 345 1836 lineamentum
360 1782 403 1834 vel
418 1781 606 1836 extremitatem
621 1783 647 1834 in
667 1783 929 1854 alterutram'partern
945 1784 955 1851 1
961 1801 987 1835 v.
999 1781 1053 1837 585

72 1875 76 1883 ¹
97 1881 132 1891 -
145 1853 234 1917 5911:
262 1849 335 1902 simul
348 1851 447 1904 refutat
465 1869 525 1916 eoa,
550 1852 595 1920 qui
609 1869 641 1904 ex
651 1852 751 1904 tantulo
763 1854 818 1906 nole
839 1858 939 1906 tantum
951 1852 1052 1904 illorum

98 1921 210 1976 calorem
224 1923 251 1976 el
265 1919 362 1984 lumen,
387 1939 435 1990 per
447 1920 608 1983 uuiversum,
626 1939 728 1989 qusque
742 1928 829 1990 patet,
848 1922 954 1973 sethus
969 1920 1053 1972 diffu-

97 2007 169 2053 sum,
188 2005 307 2042 emanare
321 1989 366 2042 vix
381 2007 459 2058 posse
473 1993 604 2042 autument
621 1988 661 2056 [r.
679 1989 877 2056 592-61212
896 1989 1005 2056 denique
1019 1988 1053 2040 de

48 2073 49 2078 ’
97 2059 162 2113 solis
179 2075 210 2110 ac
224 2058 299 2110 lunae
313 2057 530 2120 conversionibus,
550 2073 596 2108 seu
609 2057 641 2109 de
654 2056 764 2108 solstitio
777 2057 877 2109 aestivo
889 2056 1051 2124 iucundique,

70 2152 73 2156 ·
96 2128 249 2197 disputans,
275 2127 364 2179 varius
384 2126 520 2192 utriusque
535 2141 625 2178 causas
641 2124 728 2178 reddit
747 2125 790 2194 [v.
807 2127 859 2180 613
869 2154 905 2164 ·-
918 2123 1006 2190 64811
1024 2127 1053 2175 et

24 2223 27 2230 ·
96 2214 150 2266 quo
175 2196 248 2248 modo
267 2213 317 2248 nox
337 2195 386 2247 fiat
408 2195 450 2262 [v.
465 2191 645 2262 649-654],
671 2211 720 2262 quo
744 2193 834 2258 modo,
858 2209 952 2246 aurora
971 2191 1052 2244 solem

24 2269 27 2274 '
97 2265 284 2336 praecedente,
302 2263 359 2317 dies
381 2263 479 2316 orietur
494 2265 536 2329 [v.
551 2263 602 2319 655
615 2263 750 2332 -678];
777 2279 823 2316 cur
838 2263 894 2315 dies
916 2267 943 2313 et
960 2265 1052 2313 noctes

33 2382 38 2388 .
96 2334 216 2390 vicissim,
230 2351 259 2386 se
271 2337 398 2402 superent
411 2335 453 2400 [v.
467 2334 518 2387 679
529 2361 565 2372 --
578 2333 665 2397 70213
696 2349 742 2386 cur
757 2333 817 2385 luna
830 2332 929 2384 vultum
943 2337 970 2382 et
983 2329 1052 2397 fign-

14 2411 15 2451 1
74 2443 78 2448 ·
97 2421 155 2458 ram
170 2401 255 2456 variet
272 2402 314 2470 [v.
329 2402 380 2457 703
391 2430 426 2440 -
439 2399 526 2471 749];
553 2417 598 2456 cur
611 2400 650 2453 sol
667 2405 695 2462 et
706 2401 766 2455 lune
781 2402 909 2454 deiectum
921 2399 1053 2470 patiantur

14 2459 16 2492 l
100 2473 139 2542 [v.
152 2474 253 2526 750-
266 2471 347 2538 7771,
365 2470 491 2540 adiungit.
526 2471 591 2523 Post
601 2471 674 2535 haec,
693 2471 793 2524 ecoelo
808 2471 974 2536 descendens,
992 2469 1052 2521 her-

14 2559 15 2582 ι
97 2543 204 2604 barum,
223 2541 357 2603 arborum,
380 2540 478 2603 avium,
497 2541 642 2602 brutorum,
667 2540 791 2592 hominum
810 2538 923 2606 origines
943 2556 959 2590 a
979 2543 1053 2589 terra

14 2595 16 2678 1
98 2610 211 2678 repetit,
229 2620 295 2676 quae
310 2613 412 2661 creatas
425 2623 469 2661 res
484 2609 631 2676 profuderit
645 2608 703 2661 olim
720 2609 759 2676 [v.
772 2610 824 2663 778
836 2637 872 2648 ·-·
886 2607 968 2672 8231,
984 2621 1052 2657 nunc

14 2683 15 2686 ’
70 2674 683 2746 -6011616011εῆειι[ι.814-834].
719 2677 773 2728 Sed
795 2676 863 2744 quod
877 2673 984 2727 fortuito
1000 2673 1053 2724 sint
1155 2714 1158 2718 .

99 2747 184 2800 omnia
197 2751 274 2810 nata,
293 2746 352 2798 ideo
368 2747 508 2814 putandum
527 2763 599 2809 esse,
616 2747 643 2798 in
656 2743 784 2814 principio
803 2741 954 2794 mundialia
971 2757 1052 2808 quae·

99 2817 160 2868 darn
172 2814 367 2880 innumerabilia
381 2815 499 2866 animalia
509 2814 624 2866 miranda
638 2814 726 2881 specie
744 2818 771 2863 et
782 2809 955 2890 magnitudine
971 2805 1052 2866 exsti·
1143 2863 1149 2874 x

98 2885 174 2947 tinae,
189 2884 239 2935 ‘sed
252 2900 402 2951 permonere
420 2900 470 2936 non
483 2883 605 2951 potuisse,
624 2883 721 2951 quippe
736 2879 787 2932 cibi
802 2877 916 2938 sumendi
929 2875 1052 2928 coiondi-

99 2970 151 3023 que
172 2951 297 3005 facultate
316 2952 445 3006 carentiae
471 2957 628 3022 quapropter
647 2952 761 3003 monstra
780 2953 807 3000 et
820 2945 909 2999 mutila
927 2944 1052 3014 quaedam

99 3027 128 3074 et
140 3021 294 3089 imperfecta
306 3020 426 3074 mimalia
436 3021 561 3085 concedit,
579 3021 627 3074 aed
640 3018 796 3082 Chimaeras,
801 3016 960 3078 Centauros,
974 3011 1052 3080 Scyl-

14 3121 15 3153 ;
98 3089 140 3144 lus
154 3089 304 3157 reliquaque
320 3094 452 3159 podtamm
465 3094 585 3159 portenta
598 3089 668 3142 ridet
682 3087 781 3157 [esso
794 3084 915 3152 -9321
950 3082 1053 3136 Primo·
1168 3071 1175 3083 ’

14 3167 26 3214 3·
98 3157 298 3214 rumhominum
313 3160 385 3212 rudis
398 3159 462 3223 vita,
480 3158 545 3212 rude
557 3158 685 3226 ingenium
698 3158 736 3224 [v.
750 3157 802 3211 923
816 3152 959 3222 *100913
976 3149 1052 3221 paul-
1152 3173 1160 3180 ·

14 3231 15 3286 ἶ
98 3229 126 3282 lo
141 3231 204 3296 post
216 3225 290 3280 initia
301 3228 418 3283 colonae
433 3228 467 3294 [v.
482 3229 551 3282 1010
561 3253 597 3266 -
608 3224 707 3292 10161,
723 3224 894 3291 inventusque
906 3237 990 3274 sermo
1005 3219 1051 3284 [v.

14 3317 15 3356 3
99 3299 172 3354 1027
184 3323 220 3336 -·-
231 3297 326 3365 10891·
361 3296 493 3359 Tandem,
510 3293 675 3364 postignem
689 3293 716 3344 in
729 3297 814 3346 terrm
825 3309 842 3344 a
859 3290 964 3343 fulmine
980 3286 1052 3340 dela·

14 3371 15 3376 ’
99 3372 173 3428 tum,
198 3361 330 3421 humanior
342 3364 398 3418 vite
410 3367 438 3415 el
450 3364 535 3416 victura
548 3361 646 3415 mollior
664 3361 708 3430 [i.
726 3357 794 3416 1090
804 3385 840 3418 *τ
855 3358 957 3425 110611
980 3355 1052 3408 facts

99 3433 230 3490 hominum
243 3435 370 3490 socieuar
386 3447 464 3503 reges
478 3428 626 3486 comtitutie
643 3429 702 3500 egri
716 3429 808 3484 divisis
825 3434 886 3499 post
900 3424 1051 3483 seditionem
1160 3441 1162 3448 ·
