2490 4024
467 17 477 46 1

293 74 303 86 ‘
407 70 415 99 l

443 325 448 341 ‚
494 252 735 310 uluua1v.=
771 227 776 234 ”
961 255 970 328 ίζ
1020 253 1071 316 aa

186 400 257 469 Quid
271 398 356 454 cordis
366 398 477 470 glebae„
490 400 538 453 aut
548 395 653 452 oculei?
667 395 733 476 quid
748 397 888 454 mbae?
905 397 1071 467 qaidartus?

78 465 80 478 “
186 471 321 537 Quantula
337 468 414 524 sunt?
432 467 496 536 qaid
512 473 660 550 praeterea,
678 467 824 536 primordia
841 485 971 537 quaeque,

186 540 261 592 Unde
275 538 365 592 anima
382 542 461 603 atque
477 537 559 590 animi
575 541 677 590 constet
692 541 787 590 natura
800 553 937 590 necessum
953 542 1002 602 est,
1018 535 1074 594 12⁰

186 608 278 662 Nonae
294 606 378 669 videa·
394 622 475 673 quam
495 605 546 658 sint
562 605 672 659 subtilia
687 622 819 673 quamque
835 605 956 659 minuta?

9 697 12 752 l
103 679 126 734 ss
221 678 374 738 Praeterea,
391 689 590 741 quaequomque
605 665 653 726 siro
670 675 703 726 de
720 691 829 742 corpore
845 676 954 730 odonem
1055 696 1058 704 ¹

9 753 10 756 ’
139 785 149 796 .
187 744 440 812 Exspirentacrem‚
457 759 579 810 panaces,
597 741 823 808 absinthialem,

187 813 381 880 Abrotoneique
397 828 494 880 graves
511 817 537 864 et
553 811 640 864 tristia
656 816 810 864 centaurea:

189 884 310 949 Quorum
326 880 519 948 unumquodvis
535 881 629 932 leviter
644 879 666 932 si
684 881 753 933 forte
768 879 859 943 ciebis,
1022 878 1076 936 Μ
1174 941 1176 950 γ

189 951 262 1020 Quia
272 949 363 1020 potius
378 966 470 1003 noscas
487 965 578 1001 rerum
594 948 738 1004 simulacra
752 965 854 1018 vagare

189 1021 276 1074 Malta
293 1016 378 1073 modis
393 1017 493 1083 maritis,
510 1019 583 1082 nulla
598 1017 635 1082 vi,
652 1033 779 1085 cassaque
795 1033 886 1072 sensas

192 1090 324 1156 [Quorum
341 1087 468 1154 quantula
483 1102 545 1154 pars
562 1086 714 1156 sitimago,
730 1085 816 1138 dicere
832 1101 909 1139 nemo
926 1089 966 1142 est

182 1156 246 1226 Qui
262 1155 352 1224 possit,
368 1171 452 1224 neque
469 1165 529 1209 eam
544 1155 673 1208 rationem
690 1156 799 1209 reddere
816 1153 911 1224 dietis]
1133 1197 1137 1206 ,

143 1237 148 1262 ³
227 1225 288 1288 Sed,
305 1241 338 1276 ne
353 1223 423 1279 forte
439 1229 525 1291 pates,
542 1239 574 1276 ea
591 1225 696 1276 demam
714 1226 771 1277 sala
787 1223 891 1292 vagari,
1025 1221 1078 1278 180

191 1296 400 1371 Quaequomque
415 1293 450 1346 ab
467 1294 546 1346 rebus
561 1309 651 1346 reram
668 1293 817 1351 simulacra,
827 1293 968 1357 recedunt3
1050 1297 1054 1309 ’

192 1365 261 1417 Sunt
276 1362 366 1425 etiam,
383 1378 451 1428 qaae
466 1367 558 1428 sponte
574 1377 623 1412 sua
638 1360 793 1430 gignuntur,
813 1366 840 1414 et
856 1361 915 1428 ipsa
1022 1389 1025 1392 ·

193 1431 390 1487 Constituantur
406 1430 434 1482 in
450 1430 502 1482 hoo
518 1427 601 1492 coelo,
619 1430 665 1496 qui
682 1429 778 1482 dicitur
793 1432 854 1493 air-3

194 1502 279 1588 Quae,
296 1499 386 1551 multis
402 1499 519 1552 tenuate
534 1497 628 1562 modis,
645 1497 757 1550 sublime
773 1499 902 1564 tenantur,

104 1627 107 1631 ,
194 1571 249 1622 aec
265 1568 497 1634 speciemmutare
512 1583 588 1619 suam
604 1566 731 1634 liquentia
748 1571 856 1630 cessant,
1027 1561 1081 1620 135

194 1639 230 1690 Et
246 1635 391 1704 quoiusque
407 1635 480 1687 modi
495 1636 643 1688 formarum
659 1641 764 1692 vortere
780 1635 809 1688 in
825 1651 893 1702 oras.

107 1769 109 1773 Ι
195 1707 233 1758 Ut
248 1703 340 1757 nubeis
356 1703 444 1757 facere
459 1703 601 1768 interdum,
620 1721 701 1771 quom
717 1703 877 1757 creemur
894 1701 979 1766 allum
1060 1710 1061 1713 ’

103 1804 111 1812 -
197 1773 342 1837 Cernimus,
356 1779 387 1826 et
402 1773 495 1825 mundi
509 1773 624 1840 speciem
639 1773 741 1826 violare
755 1790 883 1840 serenam,

93 1883 106 1902 ,
168 1845 268 1902 ,aera
283 1843 437 1894 mulcenteis
453 1846 541 1894 motu:
557 1859 620 1895 uam
636 1858 714 1909 saepe
730 1841 875 1910 Gigantum
971 1883 975 1890 .

197 1912 254 1966 Ora
269 1913 360 1966 volare
376 1913 504 1975 videntur,
522 1916 548 1963 ct
564 1913 686 1964 umbram
704 1911 799 1964 ducere
812 1912 878 1975 latc3
1029 1903 1088 1978 14⁰!

196 1981 331 2033 interdum
347 1981 454 2048 magnei
470 1984 573 2031 montes
590 1982 730 2046 avolsaque
744 1995 807 2032 saxa

198 2049 333 2111 Montibus
350 2049 456 2111 anteire,
473 2049 597 2100 ctsolem
613 2047 752 2099 succedere
767 2051 887 2113 propter3

197 2119 261 2171 lude
277 2117 343 2170 alios
360 2118 465 2170 trahere
481 2121 560 2181 atquc
576 2116 700 2168 inducere
716 2117 805 2167 bellua
823 2114 936 2167 nimbos.

233 2185 308 2238 Nare
324 2201 356 2237 ea
372 2202 454 2253 qaam
470 2184 543 2237 facili
560 2191 585 2236 et
602 2185 682 2237 celeri
696 2184 798 2237 ratione
813 2189 948 2252 gerantur.
967 2189 970 2195 “

200 2257 383 2322 Perpetuoque
398 2255 482 2306 fluant
499 2253 533 2306 alo
549 2255 638 2316 rebus,
651 2255 778 2320 lapsaque
795 2253 894 2307 ccdaut.
1031 2247 1085 2302 145
1161 2314 1165 2323 Ι

183 2385 186 2392 Δ
199 2325 311 2391 Semper
326 2323 396 2376 enim
413 2339 547 2375 summum
563 2322 689 2390 quidquid
707 2322 831 2374 derebus
847 2321 971 2384 abundat,
1123 2317 1135 2332 “

201 2394 278 2459 Quod
293 2393 454 2456 inculcatar;
471 2398 497 2443 et
514 2391 574 2455 hoe,
592 2392 658 2446 alias
674 2407 753 2458 quom
770 2389 889 2457 pervenit
904 2389 932 2442 iu
947 2404 1000 2453 res,
1027 2403 1031 2411 ’
1091 2401 1094 2412 “

200 2462 317 2527 Transit,
334 2467 364 2515 ut
380 2462 407 2513 in
423 2460 516 2527 primis
531 2465 647 2524 vestem3
665 2461 720 2523 sed,
737 2459 784 2512 abi
800 2475 894 2528 aspera
908 2461 995 2514 saxu'

202 2533 255 2585 Aut
271 2531 299 2583 in
317 2530 453 2584 materiem
470 2529 538 2598 ligni
553 2529 680 2596 pervenit,
696 2528 804 2581 iniiam

202 2599 346 2663 Scinditur,
362 2606 392 2652 ut
409 2599 512 2650 uullmn
528 2597 699 2650 simulacrum
715 2597 825 2649 reddere
840 2595 931 2664 possit.
1033 2591 1086 2648 15⁰

203 2669 244 2721 Aa
255 2685 343 2736 quom,
360 2667 497 2734 splendide
514 2683 582 2734 quae
598 2672 726 2726 maetam,
743 2672 852 2732 opposta
868 2667 982 2728 luerunt,

148 2749 150 2752 '
204 2737 351 2801 Deusaqae,
367 2742 397 2788 ut
411 2735 439 2787 in
455 2735 547 2801 primis
564 2736 700 2802 speculum
716 2740 769 2796 est;
788 2734 855 2785 nihil
868 2733 963 2786 accidit
975 2733 1085 2786 harum:
1151 2785 1154 2794 ,

204 2805 274 2858 Nam
291 2821 383 2870 neque,
401 2803 445 2854 uti*
456 2809 563 2866 vestem,
581 2810 689 2869 possunt
706 2799 825 2863 tramite,
842 2816 926 2866 neque
944 2805 1004 2864 aute

205 2871 304 2934 scindi,
322 2889 402 2938 qaam
418 2869 626 2923 meminitlcvor
641 2875 775 2938 praestare
791 2870 912 2930 sulutem.
989 2927 991 2930 ¹
1032 2907 1035 2912 .

206 2941 373 3008 Quapropter
388 2941 427 3006 fit,
445 2944 475 2991 ut
489 2939 552 2990 hinc
568 2939 643 2991 nobis
660 2939 804 3001 simulacra
818 2937 976 2991 redundent:
1006 2993 1009 2998 ,
1035 2931 1094 2990 155

207 3011 242 3064 Et
258 3008 380 3077 quamuis
395 3007 491 3072 sabito,
508 3008 601 3074 quovis
617 3008 787 3073 intempore,
804 3022 936 3074 quamque

206 3081 278 3131 Rem
294 3086 383 3131 contra
398 3077 534 3145 speculum
549 3093 642 3144 pones,
657 3081 766 3146 apparet
781 3076 886 3145 imagot

206 3149 337 3214 Perpetuo
353 3148 436 3199 fluere
452 3151 483 3198 at
497 3163 591 3198 noscas
607 3164 624 3197 e
640 3161 749 3213 corpore
765 3162 869 3198 summo

202 3217 339 3269 lTerturas
355 3233 445 3271 rerum
462 3215 569 3278 tenacis,
586 3213 737 3281 tenacisque
753 3213 882 3283 figurae·

208 3286 284 3356 Ergo
300 3284 386 3338 multa
402 3284 476 3336 brevi
492 3283 577 3352 spatio
594 3283 738 3336 simulacra
754 3287 890 3352 gerantur,
1039 3275 1093 3332 160

208 3355 245 3406 ut
261 3355 355 3407 merito
372 3354 441 3405 celer
456 3351 500 3404 his
515 3353 711 3414 rebasdicatar
728 3353 813 3422 origo.

209 3423 246 3475 Et
262 3423 338 3490 quasi
353 3423 441 3481 multa
456 3421 532 3474 brevi
548 3421 633 3490 spatio
650 3421 813 3476 summittere
828 3419 906 3473 debet
957 3488 966 3508 N
